2970 4980
442 279 484 334 De
503 278 625 349 Operum
642 277 808 350 fragmentis
826 278 999 349 papyraceis.
1285 281 1305 344 3

135 438 223 523 tulit,
237 437 396 528 Abeli01),
410 463 549 506 necnon
562 466 581 506 a
595 441 778 528 Rzeehio.2)
802 439 902 507 (iuius
917 446 1025 505 tamen
1037 440 1171 505 nuncin
1185 442 1307 525 optima

135 545 193 609 illa
220 547 503 633 commentatione,
531 548 621 612 cuius
648 549 691 612 sit
714 549 825 635 pretii,
851 548 916 633 legi
938 551 1054 631 potest.
1102 545 1306 633 Compendiis

135 656 263 716 utemur
285 653 380 718 Mess.
405 657 437 718 et
459 652 554 718 Amb.

224 756 277 822 Ad
311 759 372 824 hos
408 759 511 824 libros
547 761 784 845 manuscriptos
822 761 942 825 accedit
974 760 1076 845 pluris
1109 762 1308 825 aestimanda

135 865 252 948 duplex
280 867 435 931 memoria
458 889 654 951 papyrorum
677 865 963 953 Aegyptiacorum:
992 890 1056 932 una
1079 889 1204 954 eorum,
1226 890 1307 953 quae

134 975 212 1036 sunt
246 973 280 1036 in
312 973 500 1038 collectione
531 972 695 1038 Austriaei
728 974 907 1039 archiducis
939 973 1090 1062 Rainerss)
1124 975 1164 1039 ad
1195 997 1307 1039 versus

136 1077 304 1165 251-66,
333 1080 501 1166 283-96,
532 1080 701 1166 313-29,
731 1081 899 1166 aco—61,
926 1081 1117 1166 686-709,
1146 1080 1308 1167 718-40,

137 1183 326 1272 roo-812,
349 1186 516 1271 817-28,
550 1187 650 1252 altera
683 1210 807 1273 eorum,
839 1210 921 1272 quae
948 1185 1115 1274 Navilliit)
1147 1191 1237 1275 sunt,
1268 1188 1308 1251 ad

135 1313 246 1356 versus
273 1292 630 1379 111-18,153-61,
656 1294 823 1379 174-82,
846 1294 1008 1358 210-21.
1055 1293 1103 1358 De
1126 1293 1307 1359 Austriacis

136 1400 202 1464 illis
242 1400 439 1465 luculentam
476 1401 668 1485 conscripsit
703 1400 863 1465 Rzaehius
900 1401 1150 1485 disputationem
1160 1398 1187 1489 5)
1194 1452 1203 1485 ,
1245 1423 1308 1484 qua

136 1506 277 1571 ostendit
313 1508 500 1571 memoriam
535 1507 632 1571 huius
669 1508 769 1571 fontis
804 1506 898 1594 (saec.
929 1505 990 1595 IV)
1023 1529 1199 1592 congruere
1235 1529 1308 1571 curn

136 1613 311 1699 codicibus,
344 1613 400 1697 qui
433 1616 570 1677 aetatem
601 1612 755 1676 tulerunt.
803 1610 938 1698 Signum
968 1615 1139 1678 constituit
1166 1612 1211 1699 A,
1244 1635 1307 1697 quo

135 1724 264 1785 utemur
296 1720 360 1803 ipsi
392 1741 528 1803 quoque.
579 1718 677 1783 Plura
710 1719 748 1782 de
781 1719 882 1784 altero
916 1739 1094 1803 papyraceo
1126 1721 1307 1804 fragmento

137 1826 178 1913 (B
210 1827 384 1891 secundum
411 1822 601 1911 Rzachium)
634 1826 754 1909 scripta
789 1830 865 1890 sunt
901 1831 976 1910 post
1009 1825 1038 1890 J.
1066 1825 1230 1890 Nicolium
1267 1827 1306 1889 ab

136 1932 176 1998 H.
192 1931 355 2020 Weiliol),
373 1933 410 1998 R.
425 1930 710 2019 Peppmueller0⁷)‚
728 1932 877 1997 Raachio.
915 1931 946 1996 A
965 1932 1005 1996 ad
1023 1933 1196 1997 editionem
1216 1955 1307 1998 suam

137 2040 352 2105 adhibuerunt
383 2038 513 2103 Sittlius
546 2043 578 2103 et
604 2039 841 2126 Kirchhoffius,
872 2039 900 2102 B
933 2039 1035 2103 adhuc
1065 2060 1159 2103 nemo
1191 2038 1308 2122 potuit.

134 2145 272 2210 Praebet
310 2150 417 2211 autem
448 2146 476 2209 B
513 2146 776 2210 manifestissima
807 2147 944 2232 vestigia
977 2146 1109 2211 alterius
1143 2145 1307 2210 cuiusdam

135 2253 345 2341 recensionis,
371 2253 407 2316 in
434 2252 635 2338 gravissimis
662 2253 856 2318 lectionibus
884 2275 1017 2336 prorsus
1046 2252 1168 2316 alienae
1195 2275 1214 2315 a
1241 2251 1308 2314 vul-

136 2359 216 2442 gari.
262 2357 355 2436 Quod
391 2381 464 2423 eum
500 2359 606 2443 palam
639 2382 675 2424 ac
710 2361 855 2443 professe
885 2381 980 2423 nemo
1014 2358 1308 2442 demonstravisset,

136 2466 263 2529 varium
286 2466 321 2529 in
343 2466 474 2530 modum
497 2487 564 2529 rem
584 2466 732 2549 expedire
751 2467 924 2531 studebant
946 2466 982 2528 in
1001 2465 1165 2549 explendis
1183 2465 1307 2529 lacunis
1369 2454 1371 2459 ’

135 2571 291 2636 Weilium
310 2571 517 2656 potissimum
536 2573 644 2637 secuti.
679 2571 749 2637 Nos
767 2573 870 2637 fusius
886 2573 924 2637 de
937 2572 997 2636 hac
1010 2594 1044 2635 re
1058 2575 1179 2656 postea.
1213 2570 1308 2635 Nunc

137 2678 234 2742 etiam
267 2678 329 2743 hoc
360 2678 431 2743 loeo
464 2678 586 2763 gratias
619 2700 680 2764 ago
712 2679 782 2744 viro
811 2679 997 2744 doctissimo
1025 2679 1054 2743 J.
1077 2677 1221 2763 Nicolio,
1252 2677 1308 2762 qui

136 2784 361 2850 benevolentia
388 2807 513 2850 summa
540 2808 597 2869 per
623 2787 750 2850 litteras
778 2809 829 2851 me
857 2786 895 2849 de
925 2786 1117 2870 quibusdam
1143 2784 1240 2847 rebus
1269 2783 1308 2846 ad

135 2890 213 2956 haec
234 2891 416 2978 fragmenta
438 2892 676 2976 pertinentibus
700 2892 854 2957 docuerit.

705 3073 734 3135 2.

229 3194 321 3270 Quod
333 3196 432 3281 vulgo
446 3194 636 3260 inscribitur
650 3194 783 3260 carmini
797 3194 902 3278 Ἔργα
916 3193 970 3261 καὶ
984 3194 1102 3280 ἡμέραι
1116 3217 1182 3260 non
1200 3198 1309 3279 potest

137 3300 288 3386 dubitari,
298 3302 376 3385 quin
391 3303 431 3366 ab
446 3302 681 3385 antiquissimis
695 3303 768 3366 inde
782 3303 983 3388 temporibus
993 3303 1091 3366 fuerit
1105 3303 1140 3366 in
1153 3302 1309 3388 usu,licet

139 3407 222 3471 desit
245 3408 506 3492 antiquissimum
529 3407 761 3494 testimonium,
784 3412 941 3492 quantum
964 3430 1023 3494 ego
1043 3409 1117 3472 scio.
1155 3409 1308 3473 Solebant

226 3605 252 3668 ι)
270 3601 302 3654 In
326 3586 504 3670 ephemeride
528 3601 712 3671 ,ngyeeemes
734 3601 919 3671 philologiam
943 3601 1070 3670 Kozlony
1084 3601 1123 3655 xv
1141 3619 1168 3670 p.
1184 3606 1235 3654 seo
1248 3618 1307 3669 sqq.

226 3693 253 3759 2)
272 3690 404 3759 „Wiener
423 3690 558 3744 Studien*
572 3690 598 3744 V
616 3708 643 3759 p.
660 3696 710 3744 175
721 3708 784 3758 sqq.

227 3783 254 3848 3)
272 3779 384 3832 Publici
401 3779 470 3832 iuris
488 3780 566 3834 faeta
585 3782 651 3833 sunt
670 3797 687 3832 a
700 3778 733 3833 K.
748 3779 894 3848 Wesselyo
913 3779 944 3832 in
958 3778 1176 3847 „Mitteilungen
1195 3795 1245 3832 aus
1260 3777 1310 3832 der

139 3866 303 3937 Sammlung
321 3868 371 3921 der
388 3869 514 3937 Papyrus
533 3867 690 3938 Eraherz‘og
708 3867 829 3922 Rainer“
848 3869 862 3920 I
881 3874 914 3922 73
925 3885 985 3936 sqq.

227 3959 253 4026 4)
273 3956 385 4024 „Revuc
405 3958 439 4010 dc
457 3956 631 4026 philologie“
652 3963 720 4010 1888
739 3975 765 4026 p.
783 3963 833 4010 113
844 3974 903 4024 sqq.
923 3960 951 4027 (a
969 3957 993 4010 J.
1012 3955 1143 4025 Nicolio).

227 4048 253 4114 5)
272 4044 405 4114 „Wiener
427 4045 563 4099 Studien“
581 4045 607 4098 X
625 4064 651 4115 p.
667 4051 719 4099 260
734 4063 793 4113 sqq.
818 4046 920 4115 (denuo
939 4043 969 4097 in
988 4043 1200 4113 dissertatione,
1224 4061 1309 4111 quam

138 4131 254 4186 laudavi
264 4150 357 4202 supra,
367 4152 393 4203 p.
404 4141 419 4188 2
431 4133 495 4188 adn.
509 4140 532 4189 1.
552 4132 636 4187 Cuius
647 4132 698 4186 sub
709 4133 792 4186 finem
803 4132 889 4187 etiam
899 4132 934 4186 de
943 4132 1114 4187 Navillianis
1124 4133 1210 4186 verba
1219 4132 1308 4203 facit).

228 4226 254 4291 6)
273 4222 386 4291 „Revue
410 4223 444 4277 de
467 4223 555 4292 phil.“
580 4229 649 4277 1888
672 4241 698 4292 p.
719 4228 769 4276 175
781 4240 839 4291 sqq.
868 4221 988 4276 Weilius
1016 4222 1123 4292 primus
1150 4221 1310 4290 fragmenta

139 4309 249 4381 explere
268 4311 386 4367 studuit.

229 4402 255 4472 7)
274 4401 473 4471 „Philologus“
491 4408 524 4455 52
544 4420 570 4471 p.
587 4407 637 4456 593
649 4419 708 4469 sqq.
736 4402 769 4455 In
788 4400 932 4471 explendis
951 4398 1116 4470 fragmentis
1136 4403 1247 4454 secutus
1266 4402 1310 4454 est

1062 4490 1096 4542 1*
