2970 4980
210 301 274 365 130
393 293 554 355 'Aristonici
572 302 637 369 περὶ
656 297 777 371 σημείων
795 308 844 354 τοῦ
860 295 991 354 Ἡσιόδου
1010 298 1177 369 fragmenta.

209 486 272 549 quo
304 463 512 528 Plutarchum
544 486 639 529 usum
669 486 737 528 esse
770 485 868 547 supra
894 486 924 546 p.
950 462 1013 526 108
1041 465 1090 526 est
1117 460 1383 546 demonstratum,

206 569 415 635 Aristarchea
445 574 536 653 sunt,
564 592 635 634 cum
664 570 864 635 recensiones
892 567 1190 654 grammaticorum,
1221 568 1279 652 qui
1307 571 1383 631 ante

207 676 433 742 Aristarchum
456 676 622 740 ediderunt
645 674 779 740 Hesiodi
803 675 957 761 carmina,
980 697 997 739 e
1021 675 1138 759 quibus
1162 697 1263 739 unum
1282 672 1384 758 Apol-

206 783 330 849 lonium
353 782 517 847 Rhodium
540 783 703 865 novimus,
725 781 803 846 haec
826 781 919 867 signa
940 803 1007 846 non
1029 781 1197 846 videantur
1219 781 1384 867 habuisse,

208 887 332 954 Seleuci
360 893 467 953 autem
489 890 647 974 recensio,
676 911 756 973 quae
778 911 842 952 una
865 892 940 972 post
962 886 1202 953 Aristarcheam
1225 887 1382 952 1601611-

206 997 330 1081 notuit,
358 1000 445 1060 certo
469 1019 488 1059 a
510 995 683 1060 Plutarcho
706 1017 772 1059 non
795 995 838 1059 sit
862 994 1014 1060 adhibita.
1060 994 1207 1078 Denique
1230 994 1286 1058 ille
1309 993 1383 1057 Plu-

207 1102 312 1167 tarchi
344 1101 427 1166 liber
455 1106 564 1186 aperte
591 1102 752 1167 consentit
780 1124 852 1166 cum
879 1101 964 1165 libro
991 1101 1156 1166 veterrimi
1188 1099 1382 1165 scholiastae

208 1209 417 1294 aliorumque,
440 1231 521 1294 quos
541 1209 728 1273 crediderim
747 1230 857 1273 omues
877 1229 953 1272 usos
973 1230 1042 1273 esse
1061 1206 1245 1273 recensione
1264 1206 1384 1290 optimi

108 1398 112 1404 ·
206 1316 422 1402 grammatici,
447 1314 629 1381 Aristarchi
656 1315 817 1379 nimirum.
868 1314 937 1390 Qua
965 1315 1003 1380 de
1030 1337 1064 1381 16
1092 1315 1190 1379 etiam
1220 1314 1286 1379 alio
1310 1314 1384 1379 loco

186 1443 189 1450 ’
206 1424 301 1489 nobis
321 1424 382 1488 erit
401 1422 630 1506 disputandum
649 1418 691 1507 (v.
710 1421 807 1485 huius
827 1421 902 1486 diss.
921 1421 965 1486 lv
985 1423 1002 1485 1
1024 1418 1118 1508 616).
1165 1419 1259 1486 Obeli
1279 1421 1384 1507 igitur

207 1528 407 1625 Aristarchei
429 1529 607 1594 necessario
630 1528 693 1592 fuit
711 1525 888 1593 Aristonici
910 1527 1091 1615 explicatio,
1113 1528 1168 1592 sed
1188 1527 1264 1612 quid
1284 1529 1385 1594 disse-

206 1639 320 1723 ruerit,
350 1639 524 1722 nescimus3
551 1634 654 1719 ipsius
678 1639 785 1699 autem
804 1634 985 1700 Aristarchi
1005 1635 1164 1700 sententia
1184 1634 1386 1700 demonstra·

205 1745 294 1808 bitur
317 1767 375 1809 suo
395 1743 465 1808 loco
488 1743 598 1830 (huius
617 1742 690 1806 diss.
711 1740 769 1828 IV,
783 1739 826 1828 3).
875 1741 1022 1826 Denique
1047 1764 1162 1807 moneo
1187 1742 1328 1807 fortasse
1350 1744 1386 1807 in
1460 1768 1463 1776 ·

206 1848 420 1915 Ohoerobosci
454 1872 581 1934 quoque
609 1849 838 1913 commentario
866 1849 905 1913 de
932 1849 993 1914 1160
1019 1871 1053 1913 16
1081 1869 1150 1913 6006
1177 1849 1384 1933 disputatum

206 1960 303 2041 atque
331 1980 369 2021 ex
397 1980 434 2021 eo
458 1957 616 2021 scholium
639 1960 838 2039 excerptum,
866 1956 952 2040 quod
974 1978 1040 2020 non
1062 1957 1127 2021 iam
1149 1955 1214 2040 legi
1242 1956 1384 2021 anobis

204 2085 271 2127 non
298 2065 417 2128 mirum
448 2068 508 2149 est,
537 2086 609 2127 cum
636 2063 758 2147 aliquid
785 2062 889 2127 simile
917 2063 981 2127 iam
1008 2063 1191 2128 inveniatur
1213 2063 1249 2126 in
1270 2061 1385 2128 Procli

206 2169 350 2256 scholiis,
382 2170 467 2253 quod
499 2170 740 2253 excerptoribus
773 2169 942 2234 brevitatis
975 2169 1154 2234 colentibus
1188 2174 1238 2234 sat
1270 2192 1385 2255 super-

206 2298 267 2359 que
290 2277 360 2341 fuit.
964 2353 969 2360 .

239 2371 243 2378 ⁴
294 2381 416 2448 Contra
444 2405 511 2447 non
538 2382 707 2447 tribuerim
735 2380 920 2448 Aristonico
948 2383 1038 2447 illam
1067 2381 1284 2448 Choerobosci
1314 2408 1385 2450 ver-

205 2513 258 2554 sus
278 2489 320 2554 85
344 2489 591 2575 interpungendi
614 2490 773 2555 rationem
791 2513 820 2573 p.
841 2490 892 2575 99,
913 2489 964 2576 10,
984 2490 1018 2553 id
1042 2490 1127 2574 quod
1150 2489 1302 2558 Flachius
1321 2514 1385 2558 100

204 2597 307 2660 100616
334 2596 424 2660 iubet
446 2620 476 2680 p.
496 2596 570 2660 437.
620 2595 706 2660 Nam
734 2596 794 2660 etsi
822 2596 1020 2661 crederemus
1047 2597 1104 2661 illo
1132 2596 1202 2662 loco
1229 2597 1316 2664 hanc
1340 2601 1383 2665 ob

204 2724 332 2766 causam
356 2703 395 2766 ab
418 2701 606 2767 Aristarcho
631 2704 754 2787 διπλῆν
776 2703 916 2787 positam
935 2725 1011 2790 esse,
1030 2703 1103 2788 quis
1122 2703 1251 2769 tandem
1269 2707 1385 2789 potuit

204 2807 333 2873 edocere
362 2807 583 2874 Aristonicum
614 2809 647 2873 id
679 2809 790 2874 fecisse
813 2808 1045 2893 Aristarchum,
1076 2813 1113 2874 ut
1144 2811 1206 2877 1100
1237 2813 1290 2876 vel
1323 2814 1384 2879 illo

203 2916 299 2980 modo
323 2916 627 3001 interpungeretur‘?
654 2955 691 2962 —
716 2915 842 2980 Rursus
861 2916 1046 2982 Aristonico
1069 2917 1140 2982 iure
1162 2919 1384 3006 assignantur,

204 3045 285 3107 quae
315 3027 391 3087 sunt
420 3023 459 3087 ad
483 3046 510 3087 v.
531 3023 574 3087 90
596 3046 625 3107 p.
643 3023 721 3108 100,
735 3023 794 3109 21,
820 3023 877 3087 ubi
905 3028 1132 3108 comparantur
1159 3024 1324 3092 Homerus
1349 3033 1384 3093 61

203 3127 376 3214 Hesiodus,
410 3129 449 3192 ad
476 3152 504 3193 v.
530 3130 572 3193 94
595 3152 624 3213 p.
651 3130 728 3216 102,
750 3130 783 3214 8,
816 3130 891 3213 quia
923 3130 1155 3216 adnotationes,
1188 3133 1308 3216 quibus
1342 3158 1383 3200 ex

204 3235 305 3318 ipsius
333 3239 446 3319 poetae
475 3236 581 3300 verbis
610 3241 697 3301 aetas
721 3238 788 3301 eius
812 3237 962 3301 definitur
987 3237 1039 3321 (cf.
1063 3238 1184 3303 scholia
1206 3239 1383 3307 Homerica

204 3344 238 3404 K
253 3340 329 3427 431,
352 3341 464 3425 1246,
488 3348 518 3406 Λ
539 3343 612 3429 750,
631 3348 675 3408 Μ
688 3342 757 3431 22),
778 3334 950 3409 manifesto
972 3343 1178 3411 Aristarchea
1201 3347 1311 3413 studia
1334 3372 1383 3414 re-

204 3446 313 3511 dolent
343 3445 396 3535 (cf.
425 3448 523 3514 schol
554 3449 674 3514 61517
700 3455 732 3515 61
760 3450 930 3515 Lehrsium
963 3451 1001 3515 de
1032 3449 1132 3516 Arist.
1165 3454 1247 3518 stud.
1280 3454 1381 3520 Hom.

202 3575 232 3636 p.
254 3554 330 3638 191,
354 3552 448 3642 226);
481 3555 571 3620 adv.
595 3557 636 3622 97
661 3580 690 3640 p.
712 3557 789 3644 103,
808 3559 865 3642 24,
897 3558 954 3622 ubi
986 3559 1163 3642 explicatur
1194 3559 1382 3627 Aristarchi

204 3662 303 3746 διπλῆ
335 3666 467 3747 propter
499 3675 762 3749 καταχρηστικῶς
793 3686 859 3729 101
890 3670 1013 3751 κυρίως
1044 3670 1232 3751 usurpatam
1265 3690 1380 3734 vocem

201 3769 325 3852 θύραζέ
355 3769 522 3854 adscripta.
547 3809 589 3816 —
613 3769 652 3835 V.
674 3770 737 3834 104
759 3770 952 3836 Plutarchus
979 3772 1099 3837 librum
1117 3796 1211 3839 suum
1234 3773 1380 3841 Aristar-

202 3872 296 3937 cheae
323 3877 517 3941 recensionis
545 3882 672 3942 secutus
700 3878 917 3963 proscriptum
946 3901 1014 3944 esse
1045 3879 1177 3945 tradidit
1201 3882 1378 3966 statimque

202 3979 344 4063 disputat
367 4005 440 4047 cum
463 4005 499 4047 60
523 3989 635 4049 contra
654 3985 824 4050 athetesim
842 3983 974 4051 Proclus
988 4010 1017 4071 p.
1035 3985 1108 4072 105,
1122 3987 1173 4052 21.
1210 3986 1273 4054 Sed
1291 4010 1378 4074 nego

201 4086 410 4153 Plutarchum
433 4095 517 4156 16016
536 4093 730 4158 00116016006
749 4093 787 4156 de
804 4093 930 4158 ratione
949 4093 1035 4158 obeli
1053 4092 1262 4178 Aristarchei,
1280 4117 1379 4179 quem

201 4215 260 4279 ego
290 4194 472 4261 adhibitum
500 4219 568 4264 esse
596 4222 756 4287 censeam,
783 4201 870 4285 quod
896 4222 1007 4265 versus
1035 4223 1290 4285 supervacaneus
1318 4224 1379 4268 nec

202 4301 281 4365 satis
305 4302 406 4366 facete
430 4300 533 4368 dictus
556 4306 736 4391 videbatur3
759 4303 937 4371 Aristonici
961 4310 1068 4372 autem
1091 4309 1189 4372 verba
1211 4308 1290 4373 haec
1309 4309 1378 4374 fere

199 4408 280 4473 mihi
304 4409 437 4494 fingam:
461 4409 637 4495 ἄθετεῖται,
661 4412 711 4477 ὅτι
733 4411 887 4497 παρέλκει
911 4415 948 4478 τὸ
972 4422 1048 4500 σιγῇ
1071 4412 1126 4479 καὶ
1148 4419 1313 4506 περιττόν.
1332 4455 1379 4466 -
