2970 4980
157 291 223 355 212
408 290 449 346 De
468 290 589 361 Operum
607 291 733 346 versibus
752 291 788 346 ab
808 291 932 361 antiquis
951 289 1082 347 laudatis.

157 456 387 519 commentario
416 456 450 518 in
472 454 638 520 Meteorol.
662 478 692 539 p.
713 455 755 520 95
779 455 853 520 edit.
878 456 955 520 anni
980 454 1073 521 1552.
1120 453 1231 540 Atque
1258 459 1329 520 sunt

157 563 192 627 in
207 560 388 627 Certamine
408 566 518 647 aperta
537 563 651 627 menda
669 564 771 645 ἄγγεα
790 563 824 626 in
842 585 870 627 v.
886 563 950 628 389
970 567 1002 626 01
1021 565 1147 647 γυμνός
1160 559 1194 626 θ’
1214 561 1329 646 ἀμάειν

155 670 190 733 in
216 669 347 752 1392,
380 673 412 733 et
439 670 545 735 exitus
572 692 684 734 versus
713 671 778 735 392
806 691 939 755 prorsus
967 669 1050 735 alius
1078 673 1137 752 est,
1167 669 1255 753 quod
1283 669 1325 733 ibi

157 776 307 841 desinunt
336 798 448 841 versus
479 777 593 845 afferri.
640 775 732 852 Quod
760 799 827 842 non
854 775 1072 842 Alcidamanti
1094 777 1173 864 ipsi,
1203 776 1258 840 sed
1281 799 1327 840 ex-

156 884 296 968 cerptori
328 884 438 967 potius
472 884 599 949 crimini
626 883 711 968 dem,
746 888 783 948 ut
811 884 867 969 qui
895 884 991 948 etiarn
1018 881 1152 948 Homeri
1180 906 1327 949 versuum

155 991 259 1055 multa
285 991 488 1075 praeterierit
516 991 642 1075 aliaque
666 992 853 1077 mutaverit,
870 985 944 1075 ¹quo
968 991 1148 1056 breviorem
1171 992 1323 1056 narratio-

154 1119 229 1161 nem
255 1121 346 1163 suam
370 1098 528 1183 redderet,
555 1098 587 1162 id
612 1098 699 1183 quod
721 1098 926 1164 Nietzschius
950 1099 1072 1183 optime
1095 1098 1325 1163 demonstravit

155 1203 216 1270 Rh.
240 1205 322 1270 Mus.
341 1204 435 1270 XXV
456 1229 487 1290 p.
507 1204 570 1269 531
583 1227 652 1289 sqq.
676 1244 720 1250 —
748 1203 832 1270 llasu
861 1209 963 1271 restat
990 1204 1164 1289 vestigium
1189 1204 1324 1271 Alexan-

155 1312 320 1377 drinorum
343 1313 535 1396 exemplaris
559 1313 599 1377 ad
621 1336 650 1377 v.
670 1312 746 1399 394,
768 1313 803 1377 in
826 1335 890 1398 quo
913 1313 962 1377 illi
985 1314 1025 1379 τὰ
1048 1311 1161 1398 μέταζε
1180 1313 1325 1398 legebant

155 1424 266 1484 contra
289 1419 466 1485 Hesiodeos
489 1420 599 1484 libros.
632 1419 725 1496 Quod
748 1420 851 1485 elucet
873 1420 1046 1485 manifesto
1069 1442 1086 1484 e
1110 1420 1325 1504 disputatione

156 1525 312 1611 Stephani
325 1526 536 1591 Alexandrini
553 1528 588 1590 in
606 1528 835 1592 commentario
855 1528 895 1591 ad
909 1525 1059 1611 Dionysii
1073 1525 1207 1592 Thracis
1227 1548 1325 1612 gram-

155 1633 306 1698 maticam
336 1635 421 1718 apud
448 1634 631 1699 Bekkerum
658 1634 775 1699 Anecd.
799 1632 1082 1721 gr.11p.945‚7
1112 1634 1231 1699 collata
1258 1656 1324 1699 cum

156 1741 279 1806 duabus
313 1741 577 1806 adnotationibus
610 1741 787 1807 Herodiani
810 1741 826 1807 I
852 1766 882 1827 p.
906 1742 1048 1827 499,10
1074 1745 1107 1806 01
1134 1740 1168 1806 Π
1188 1741 1268 1827 951,
1286 1742 1324 1806 32

155 1847 264 1912 Lenzii
287 1853 319 1913 et
343 1846 560 1914 Ohoerobosci
583 1849 722 1914 scholiis.

243 1955 365 2021 Versus
393 1956 570 2020 401-403
603 1979 642 2021 ex
674 1955 904 2021 recentissimis
937 1955 1152 2041 scriptoribus
1185 1956 1324 2021 laudavit

154 2084 237 2130 unus
261 2062 448 2127 Theodorus
473 2061 557 2126 Gaza
579 2064 614 2126 in
637 2064 776 2147 epistula
799 2063 839 2127 ad
856 2062 1058 2128 Demetrium
1077 2061 1323 2148 Ohalcondylam

154 2169 239 2253 apud
257 2169 361 2234 Boiss.
375 2169 494 2233 Aneed.
509 2191 555 2255 gr.
567 2169 607 2257 V,
620 2169 695 2255 405,
719 2170 775 2254 qui
793 2171 844 2235 vel
862 2170 898 2234 in
915 2169 1023 2254 parvis
1041 2170 1131 2236 111110
1151 2169 1201 2258 (in
1219 2194 1248 2236 v.
1263 2170 1317 2234 401

155 2275 195 2341 δέ
214 2301 257 2359 τι,
279 2300 308 2341 v.
328 2277 393 2341 403
416 2276 533 2364 νόμος)
557 2278 721 2362 conspirat
745 2299 817 2342 cum
840 2276 880 2343 D.
898 2316 941 2324 -
960 2276 1093 2365 Versus,
1116 2278 1173 2361 qui
1196 2277 1322 2342 40610·

153 2384 242 2468 gitur
264 2384 299 2447 in
320 2377 610 2471 115110Ηο01011010,
632 2385 760 2449 videtur
782 2389 867 2450 certe
892 2384 1018 2449 ostendi
1040 2405 1135 2469 posse
1156 2407 1175 2448 a
1194 2385 1322 2469 quibus·

154 2491 226 2555 dam
250 2491 486 2576 exemplaribus
505 2492 631 2556 afuisse.
664 2492 721 2556 Bis
740 2493 842 2556 totius
862 2493 1040 2556 sententiae
1057 2492 1143 2556 facta
1162 2493 1321 2556 mentione

153 2598 346 2664 Aristoteles
375 2600 410 2662 in
433 2598 529 2664 Polit.
549 2598 613 2686 1‚2
636 2623 666 2683 p.
688 2596 793 2663 1252¹³
822 2603 854 2663 et
878 2596 1077 2686 00001112
1100 2622 1130 2683 p.
1152 2599 1321 2686 1343011

153 2704 239 2770 huno
266 2729 394 2773 versum
417 2728 550 2790 prorsus
574 2707 685 2770 omisit
708 2710 740 2770 et
764 2728 780 2770 e
803 2707 912 2772 verbis
934 2705 1115 2771 Philodemi
1138 2703 1193 2792 (de
1216 2707 1273 2772 vit.
1295 2711 1324 2770 et

153 2814 226 2879 virt.
246 2813 304 2879 col.
326 2811 415 2899 VIII,
437 2836 468 2897 p.
487 2813 530 2877 46
554 2813 600 2878 011.
626 2812 768 2901 Gomp.):
791 2812 847 2880 καὶ
869 2825 940 2891 πῶς
959 2811 1085 2899 δέχεται
1104 2815 1252 2898 γαμετὴν
1269 2807 1320 2898 ὑφ’

156 2923 309 2987 Ησιόὸου
342 2919 498 3004 λέγεσθαι
530 2921 591 3004 τὴν
623 2934 780 3005 γυναῖκα,
811 2926 968 2987 πολλῶν
998 2918 1061 2986 καὶ
1095 2923 1323 3005 φασκόντων

153 3029 256 3094 αὐτὸν
291 3027 493 3113 γεγραφέναι
526 3025 666 3111 ‘uuordo'
702 3029 743 3093 οὐ
770 3025 934 3113 ’γαμετήν
969 3027 1115 3092 concludi
1146 3027 1222 3092 licet
1255 3050 1323 3092 eum

152 3157 280 3200 versum
307 3135 343 3198 in
368 3134 548 3199 Philodemi
576 3135 750 3218 exemplari
776 3157 852 3200 non
878 3135 986 3199 fuisse.
1032 3133 1117 3198 Nam
1144 3155 1218 3199 oum
1245 3133 1324 3199 nihil

152 3244 297 3326 inspecto
325 3241 409 3306 libro
439 3242 615 3306 invenisset
643 3241 683 3306 ad
710 3242 801 3306 litem
828 3241 1076 3326 diiudicandum,
1105 3245 1232 3306 essetne
1260 3264 1324 3306 mu·

152 3349 212 3412 lier
240 3348 413 3412 secundum
435 3348 613 3413 Hesiodum
641 3353 741 3434 κτητή
769 3372 811 3413 an
837 3352 975 3434 γαμετή,
1003 3348 1124 3414 addidit
1147 3348 1323 3414 111111111ολ-

153 3461 222 3520 λῶν
253 3453 307 3520 καὶ
338 3458 548 3540 pacatorum
579 3477 646 3521 non
673 3455 849 3541 dubitaret,
881 3456 910 3520 si
936 3455 1068 3542 legisset
1095 3479 1225 3521 versum
1251 3457 1322 3521 406.

152 3561 222 3626 Ηο0
249 3561 320 3646 ipsa
346 3583 417 3626 mea
439 3561 660 3646 disputatione
684 3563 862 3628 ostendisse
885 3563 966 3627 mihi
988 3562 1113 3648 videor,
1140 3585 1205 3648 quo
1229 3563 1322 3629 modo

153 3674 260 3734 essent
292 3668 507 3755 intellegenda
539 3669 596 3733 illa
628 3670 725 3734 verba
752 3675 885 3737 πολλῶν
912 3668 968 3735 καὶ
996 3673 1194 3755 φασκόντων
1222 3669 1323 3736 αὐτὸν

152 3777 353 3864 γεγραφέναι
399 3777 543 3862 (κτητήν
589 3777 630 3841 οὐ
675 3777 855 3863 (γαμετήνῆ
905 3799 981 3842 nam
1026 3799 1093 3843 non
1138 3778 1322 3843 continetur

152 3885 324 3967 postremis
347 3885 512 3949 vocabulis
535 3884 666 3948 initium
688 3906 800 3948 versus
823 3885 889 3948 406
914 3885 972 3950 sic:
1012 3884 1185 3950 αὐτὸν
1207 3909 1323 3971 γεγρα-

152 3989 264 4074 φέναι·
302 3990 444 4075 (κτητήν,
481 3992 521 4056 οὐ
557 3990 721 4076 γαμετήν.
776 3989 889 4076 Neque
922 3988 998 4056 ¹inde
1030 3991 1218 4057 concludere
1249 3992 1324 4057 licet

151 4096 300 4184 ,11111111οίί
325 4095 506 4162 Philodemi
535 4103 639 4163 aetate
668 4098 754 4162 hunc
782 4120 911 4164 versum
937 4099 1038 4164 fuisse
1064 4102 1193 4184 notum3
1223 4099 1271 4165 ita
1297 4099 1324 4164 si

151 4226 202 4269 res
231 4227 264 4269 se
294 4203 442 4290 haberet,
472 4205 540 4269 sine
563 4205 661 4270 dubio
685 4205 848 4270 attulisset
871 4210 979 4270 totum
1000 4228 1128 4272 versum
1150 4205 1220 4294 ille,
1247 4205 1325 4271 fuis-

152 4315 265 4396 setque
287 4312 350 4376 hoc
372 4332 467 4375 versu
490 4312 530 4376 ab
554 4313 620 4377 illis
644 4312 793 4398 „multis“
810 4314 938 4397 prolato
956 4336 1008 4379 res
1027 4312 1186 4378 absoluta.
1220 4311 1324 4378 Immo

151 4418 352 4505 γεγραφέναι
385 4417 442 4482 1110
473 4417 545 4482 1000
577 4419 829 4506 intellegendum
861 4425 910 4485 est
938 4421 976 4485 de
1004 4443 1133 4508 sensu,
1166 4442 1263 4504 quem
1290 4420 1325 4484 hi
