2970 4980
630 318 742 373 Scholia
761 318 862 374 Procli.
1290 323 1331 387 61

158 501 217 563 per
246 481 356 558 ἄλλως
382 481 538 568 notanda,
567 503 669 566 usque
698 481 737 546 ad
760 504 790 565 p.
812 483 889 569 122,
903 481 938 568 5,
964 503 1031 547 non
1053 486 1180 547 tantum
1201 489 1334 570 propter

158 587 403 671 grammaticam
434 588 613 672 explicandi
640 588 813 675 rationem,
845 588 899 653 sed
928 588 1025 653 etiam
1054 590 1129 673 quia
1157 591 1334 657 afferuntur

149 691 256 777 Ἔργα
279 695 404 779 μεγάλα
423 693 594 781 Hesiodea,
617 717 755 779 quorum
772 696 917 760 intanta
936 697 1157 760 commentarii
1174 696 1333 764 Platonici

158 800 357 866 verbositate
383 823 425 867 ne
452 801 550 866 verbo
580 800 709 885 quidem
732 800 853 865 mentio
877 804 926 866 est
948 802 1041 866 facta.
1088 800 1231 892 Scilicet,
1258 807 1334 891 quia

157 905 237 972 haee
250 906 383 973 Proclus
397 908 577 994 ignorabat.
590 947 631 955 -
646 905 679 972 N
680 929 723 973 on
737 907 844 972 minus
859 908 975 993 exigua
989 913 1074 994 sunt,
1085 932 1167 993 quae
1180 911 1333 997 leguntur

159 1013 199 1078 ad
222 1037 250 1078 v.
273 1015 335 1079 129
358 1037 389 1098 p.
411 1015 728 1103 123,1-8,9-13.
773 1013 835 1080 Vel
862 1016 1056 1100 comparatis
1084 1017 1163 1101 ipsis
1192 1017 1276 1083 inter
1299 1041 1333 1084 55

158 1121 211 1186 his
246 1120 377 1186 scholiis
413 1122 580 1208 intelleges
622 1122 745 1187 fontem
785 1143 985 1187 communem
1016 1123 1117 1188 fuisse
1147 1124 1332 1208 pleniorem.

158 1228 285 1294 Rursus
299 1252 414 1314 parurn
427 1229 531 1293 multa
544 1229 660 1293 adsunt
674 1226 935 1316 5115151)-
945 1228 1020 1294 Alia
1035 1229 1097 1294 duo
1117 1235 1193 1296 sunt
1212 1232 1332 1297 tradita

159 1335 283 1401 scholia
310 1336 350 1400 ad
372 1358 400 1400 v.
423 1336 598 1400 130-132
620 1358 650 1419 p.
672 1335 1092 1422 124,14-16,23-125,
1108 1338 1142 1423 2,
1169 1359 1186 1402 5
1214 1339 1332 1421 quibus

158 1442 256 1508 huius
284 1465 366 1527 quae
394 1446 472 1507 sunt
494 1442 528 1507 in
550 1443 614 1507 fine
639 1440 682 1530 (p.
704 1440 893 1529 125,1-2)
916 1441 1006 1506 nulla
1030 1443 1161 1509 omnino
1183 1445 1333 1528 probabi·

158 1549 253 1614 litate
274 1548 388 1614 Proclo
420 1549 657 1614 attribuuntur:
686 1552 762 1613 sunt
790 1549 875 1613 enim
903 1553 935 1613 et
962 1550 1121 1614 contraria
1147 1550 1333 1632 Proclianis,

160 1679 242 1740 quae
273 1656 481 1741 praecedunt,
514 1659 546 1720 et
579 1656 619 1721 ad
651 1655 785 1720 verbum
816 1655 883 1720 fere
915 1655 1035 1720 similia
1063 1656 1185 1721 scholio
1213 1658 1331 1723 veteris

158 1763 345 1848 interpretis
380 1760 423 1850 (p.
454 1760 542 1850 125).
594 1761 677 1827 Η515
710 1762 843 1827 tribuas.
875 1800 917 1809 —
944 1761 1073 1848 Augere
1104 1785 1217 1828 rursus
1249 1764 1333 1851 licet,

160 1892 242 1954 quae
266 1870 306 1934 ad
328 1892 356 1935 v.
379 1869 554 1934 133-143
573 1869 734 1954 adscripta
753 1873 839 1953 sunt,
857 1892 887 1953 p.
908 1869 1137 1954 125,17-23,
1157 1870 1229 1955 126,
1244 1871 1329 1935 26-

162 1976 234 2063 127,
248 1975 280 2064 5,
302 1976 374 2062 128,
391 1976 507 2044 7-25.
545 1975 737 2061 Suppeditat
756 1999 814 2040 sua
832 1975 947 2040 Taetza
964 1999 994 2060 p.
1012 1976 1085 2062 126,
1100 1976 1217 2063 7-17,
1241 1979 1331 2042 cuius

159 2084 292 2169 propria
309 2105 376 2148 non
394 2084 526 2149 subesse
545 2083 658 2148 docent
677 2086 709 2147 et
727 2083 811 2147 ratio
829 2081 1024 2167 philosopha
1040 2086 1072 2147 et
1085 2082 1207 2149 laudati
1221 2107 1331 2151 versus

159 2191 343 2277 Euripidei,
371 2191 427 2276 qui
455 2190 551 2254 alieni
575 2193 651 2254 sunt
675 2213 694 2255 a
716 2188 849 2255 Tzetzae
871 2189 1022 2277 lectione,
1050 2191 1106 2275 qui
1129 2192 1273 2275 profecto
1297 2214 1331 2257 se

159 2298 346 2363 continebat
364 2298 400 2361 in
418 2298 464 2363 eis
482 2297 612 2383 fabulis,
631 2319 712 2381 quae
731 2300 823 2361 erant
841 2300 1075 2382 coemptum,
1093 2297 1183 2362 adest
1200 2299 1332 2384 insuper

159 2405 257 2470 solita
284 2405 352 2470 eius
380 2406 415 2469 in
441 2404 592 2469 Proclum
620 2405 817 2489 arrogantia:
849 2406 889 2469 τὰ
917 2401 954 2470 dt
980 2402 1056 2491 περὶ
1084 2416 1150 2470 τῶν
1177 2413 1332 2490 μυθικῶν

157 2519 251 2578 θεῶν
278 2511 329 2578 ὅτι
357 2511 418 2578 οὐκ
443 2515 681 2595 1115555εοῖ1,
709 2511 756 2576 ἐῶ
780 2508 927 2595 λέγειν,
954 2511 1004 2589 ὡς
1026 2515 1245 2596 προχείρως
1266 2509 1331 2577 καὶ

158 2618 349 2705 βρέφεσιν
382 2619 561 2702 εὔληπτα.
608 2615 724 2682 Omnia
751 2617 853 2702 igitur
881 2616 967 2701 apud
992 2616 1142 2683 Proclum
1170 2618 1331 2702 quondam

157 2725 260 2791 firisse
286 2724 460 2790 verisimile
488 2729 546 2789 est.
592 2722 632 2788 ln
658 2723 729 2808 ipsa
757 2723 890 2789 Tzetzae
917 2728 1029 2789 contra
1051 2723 1199 2789 Proclum
1225 2725 1332 2809 dispu-

158 2823 282 2899 tatione
310 2835 343 2896 et
370 2836 503 2916 propter
531 2853 615 2918 eam,
647 2853 744 2914 quam
771 2830 916 2917 exhibet,
948 2831 1215 2916 significationem
1242 2832 1330 2895 vocis

158 2945 276 3025 μελιᾶν
310 2942 342 3003 51
372 2943 505 3023 propter
532 2935 759 3022 Nympharum
786 2937 969 3023 catalogum
997 2938 1104 3002 omnia
1130 2936 1245 3002 Proclo
1273 2938 1330 3002 tri-

158 3046 257 3111 buere
292 3046 378 3112 nolo.
428 3045 516 3110 Malo
553 3045 705 3130 exiguum
741 3045 821 3109 illud
854 3044 1012 3110 scholium
1043 3068 1072 3129 p.
1103 3045 1180 3131 129,
1198 3044 1330 3109 21-23

159 3153 261 3218 151511
280 3153 450 3237 interpreti
468 3153 653 3237 attribuere,
673 3176 691 3217 a
710 3175 773 3238 quo
793 3153 850 3216 illa
868 3153 1029 3217 sententia
1047 3151 1192 3217 aProclo
1207 3151 1331 3216 abiecta

158 3260 407 3325 commendetur.
431 3298 474 3306 -
498 3258 585 3336 Quae
618 3259 657 3324 ad
688 3282 717 3324 v.
743 3259 918 3324 145-160
950 3262 1026 3323 sunt
1057 3259 1177 3323 tradita
1209 3259 1331 3324 scholia

157 3389 187 3451 p.
208 3366 411 3453 131,1-3‚
436 3365 512 3452 133,
527 3366 682 3452 4-134,
696 3366 732 3453 3,
757 3364 976 3451 135,1-10,
1005 3365 1082 3452 136,
1096 3366 1264 3453 21-137,
1278 3366 1331 3453 21,

160 3471 345 3560 139,1-5,
368 3473 413 3538 515
436 3473 575 3539 fortasse
598 3472 741 3538 addenda
763 3476 838 3536 sunt
856 3472 921 3560 illa,
945 3494 1027 3556 quae
1044 3494 1130 3537 nunc
1147 3495 1204 3558 per
1223 3475 1331 3550 ἄλλως

157 3581 404 3666 distinguuntur
420 3604 450 3665 p.
472 3579 545 3666 135,
560 3580 705 3645 20-28τ
729 3584 804 3645 sunt
828 3580 913 3644 enirn
933 3580 999 3644 fere
1018 3579 1127 3643 eadem
1150 3584 1247 3663 atque
1265 3579 1331 3666 illa,

158 3709 240 3772 quae
267 3686 401 3752 Proelus
433 3687 502 3771 ipse
533 3686 640 3752 habet.
687 3684 808 3752 Contra
840 3687 881 3751 ab
912 3687 964 3751 his
997 3685 1168 3751 resecanda
1195 3688 1272 3749 sunt
1298 3689 1330 3750 et

157 3794 261 3859 veteri
279 3794 489 3879 grammatico
505 3793 675 3859 tribuenda
690 3794 797 3858 omnia
810 3794 867 3859 illa
881 3794 919 3858 de
934 3792 1072 3858 athetesi
1085 3790 1329 3878 „quorundam“.

157 3898 244 3966 Nam
277 3900 315 3964 de
348 3900 504 3965 eiusmodi
536 3901 632 3965 rebus
659 3922 824 3983 nunquam
850 3900 1031 3965 invenimus
1059 3898 1208 3964 Proclum
1236 3898 1330 3963 aliter

157 4007 387 4094 disputantem,
409 4007 473 4072 nisi
491 4007 664 4072 Plutarcho
688 4011 827 4094 auctore,
848 4028 907 4071 nec
930 4011 988 4094 est,
1010 4029 1066 4071 cur
1087 4005 1233 4090 pleniora
1252 4005 1330 4070 olim

156 4114 235 4180 haee
266 4115 367 4179 fuisse
400 4115 580 4199 suspiceris.
626 4113 826 4198 Quamquam
858 4114 985 4178 videtur
1015 4113 1170 4198 quaedam
1196 4111 1329 4177 Proclus

157 4221 310 4287 habuisse
341 4222 379 4286 de
406 4244 435 4286 v.
461 4220 537 4304 159,
571 4242 651 4305 quae
678 4221 743 4285 iam
768 4242 835 4285 non
861 4220 999 4306 legimus
1027 4221 1063 4284 in
1089 4220 1158 4284 eius
1188 4217 1328 4284 scholiis.

249 4451 275 4526 1)
293 4449 382 4520 Leges
400 4450 440 4504 ΙΠ
456 4469 483 4521 p.
504 4455 555 4505 649
565 4465 643 4519 a-e,
663 4450 743 4505 eaod
758 4467 798 4520 aq.
