2984 4980
617 1138 739 1226 Caput
757 1139 782 1206 Ι.

175 1307 279 1386 Quale
307 1310 342 1378 et
369 1309 531 1396 quantum
557 1308 719 1380 noverint
746 1326 882 1378 carmon
910 1307 1037 1398 „Opera
1064 1310 1098 1378 ct
1125 1309 1225 1379 Dics“

542 1433 677 1520 antiqui
703 1432 859 1502 lectores.

687 1587 714 1650 1.

206 1709 365 1775 Carminis
396 1708 562 1797 Hesiodei,
599 1711 686 1794 quod
722 1710 910 1775 inscribitur
933 1708 1037 1794 Ἔργα
1072 1709 1127 1775 καὶ
1159 1709 1287 1796 ἡμέραι,

118 1818 208 1883 brevi
240 1823 384 1901 ternpore
415 1815 605 1881 habebimus
638 1817 909 1881 accuratissimam
939 1817 1169 1905 recensionem,
1205 1838 1287 1900 quae

11 1901 15 1908 Ι
117 1924 260 2007 prodibit
284 1924 319 1988 in
341 1924 481 1987 editione
499 1922 681 1987 Rzachiana
704 1923 817 1987 altera:
840 1922 944 1988 adhuc
966 1924 1001 1987 in
1022 1924 1112 1988 nulla
1134 1924 1201 1988 fere
1224 1924 1287 1987 edi·

116 2031 204 2095 tione
231 2034 318 2095 certa
344 2030 406 2093 fide
434 2030 538 2094 omnis
568 2033 619 2094 est
647 2029 793 2094 adhibita
815 2030 970 2095 memoria
993 2030 1113 2113 scripta
1134 2027 1287 2093 Hesiodei

116 2137 275 2200 carminis,
322 2135 405 2200 Mihi
433 2141 540 2201 autem
568 2140 600 2200 et
628 2158 667 2199 ex
694 2136 976 2201 dissertationibus
998 2136 1178 2220 nonnullis,
1206 2156 1286 2219 quas
1387 2148 1390 2152 '

115 2248 190 2327 post
218 2244 358 2327 priorem
385 2242 558 2307 editionem
586 2265 678 2308 suam
705 2243 896 2328 conscripsit
918 2242 1091 2330 Rnachius,
1118 2246 1151 2306 et
1174 2264 1213 2305 ex
1235 2240 1287 2304 lit-

116 2350 209 2436 teris,
236 2371 317 2432 quas
340 2349 494 2414 benevole
516 2350 607 2414 misit
630 2349 670 2413 ad
692 2373 743 2414 me
766 2351 815 2414 vir
838 2349 1058 2436 doctissimus,
1080 2349 1226 2434 contigit,
1249 2351 1287 2411 111

116 2456 155 2520 de
181 2455 241 2520 hac
269 2478 303 2520 rc
331 2455 453 2539 possim
480 2457 617 2540 amplius
646 2455 810 2540 disputare
833 2459 865 2519 et
888 2459 1010 2520 certum
1033 2456 1068 2518 ni
1090 2455 1185 2518 fallor
1207 2453 1287 2517 iudi-

117 2562 202 2626 cium
224 2562 315 2626 ferre.
352 2562 462 2626 Liceat
484 2563 585 2647 igitur
608 2585 709 2646 pauca
730 2562 869 2646 praefari
887 2561 925 2625 de
943 2560 1123 2646 praecipuis
1141 2560 1287 2625 fontibus

116 2669 325 2752 recensionis,
353 2669 372 2732 i.
397 2692 422 2733 e.
451 2673 483 2732 et
509 2669 602 2734 libris
630 2669 871 2753 manuscriptis,
899 2669 1017 2752 quibus
1048 2669 1200 2732 memoria
1221 2689 1287 2731 car-

116 2776 214 2840 minis
242 2775 282 2838 ad
310 2775 393 2839 hanc
416 2779 554 2839 aetatem
577 2776 701 2860 perlata
724 2780 787 2860 cst,
814 2780 846 2839 et
869 2775 1060 2860 fragmentis
1083 2795 1287 2859 papyrorum,

118 2904 199 2966 quac
222 2872 367 2946 Fortuna
389 2882 532 2946 liberalis
555 2882 591 2946 in
612 2883 715 2947 ruinis
738 2881 881 2967 Aegypti
904 2882 1113 2946 conseruauit.

78 2981 84 2996 ’
206 2988 396 3054 Memoriam
416 2991 559 3053 omnium
576 2990 734 3054 librorum
752 2989 1044 3073 manuscriptorum
1062 3011 1101 3052 ex
1119 3010 1184 3052 uno
1197 2987 1287 3052 fonte

117 3094 249 3159 fluxisse
268 3096 477 3160 confirmatur
501 3118 573 3160 cum
592 3097 816 3160 communibus
835 3095 1007 3180 erroribus,
1026 3099 1097 3159 turn
1116 3095 1161 3158 eis
1179 3093 1288 3158 lectio·

116 3201 223 3286 nibus,
245 3203 281 3266 in
304 3203 422 3286 quibus
446 3207 557 3267 contra
580 3202 753 3286 scriptores
772 3203 923 3287 antiquos
941 3201 1101 3266 Hesiodea
1120 3201 1287 3265 afferentes

118 3309 305 3392 conspirant
324 3309 455 3373 codices.
491 3307 552 3373 Sed
572 3309 651 3373 satis
671 3310 843 3392 depravata
861 3309 896 3373 in
915 3309 1107 3393 quibusdam
1124 3304 1287 3372 codicibus

117 3413 197 3479 haec
226 3419 276 3479 est
302 3416 457 3480 memoria
482 3437 586 3499 neque
614 3415 701 3479 ullus
728 3416 852 3480 rivulus
880 3439 994 3500 puram
1022 3437 1061 3480 ex
1088 3415 1178 3478 fonte
1205 3433 1287 3477 com-

117 3521 208 3584 muni
231 3521 272 3584 ad
294 3544 354 3587 nos
378 3522 536 3606 perduxit.
579 3519 744 3606 Optimam
767 3523 823 3606 qui
846 3522 999 3587 exhibent
1022 3523 1085 3586 duo
1109 3523 1185 3584 sunt
1202 3518 1289 3605 libri,

117 3626 283 3692 Parisinus
294 3628 378 3692 2771
396 3628 490 3717 (saec.
500 3627 610 3716 xsxl)
626 3633 658 3692 et
667 3628 902 3693 Laurentianus
915 3627 1032 3693 XXXI.
1043 3629 1085 3693 39
1096 3625 1190 3714 (saec.
1200 3623 1287 3712 XII).

205 3733 425 3800 Parisinum
442 3758 536 3800 nemo
556 3736 658 3800 adhuc
677 3736 837 3800 editorum
855 3757 914 3818 pro
934 3734 1091 3820 dignitate
1110 3733 1179 3798 eius
1197 3755 1288 3796 usur-

118 3838 252 3927 pavit¹):
285 3841 353 3926 ipse
381 3841 539 3906 Rzachius
573 3842 700 3907 demum
727 3846 802 3926 post
829 3841 969 3925 priorem
997 3841 1170 3905 edr‘tionem
1197 3862 1288 3904 suam

209 4038 234 4104 1)
257 4034 366 4087 Primus
395 4035 513 4104 Zalycus
544 4035 574 4087 in
601 4052 683 4088 usum
712 4033 877 4102 Gaisfordii3
909 4033 953 4086 vir
980 4033 1096 4102 quidam
1124 4034 1223 4088 doctus
1251 4031 1288 4086 ad

118 4123 335 4177 Loesncrianam
356 4123 509 4178 editionem
522 4123 665 4193 Lennepio
684 4123 714 4175 in
728 4140 818 4191 usum,
837 4121 897 4192 ipse
911 4122 1079 4191 Loesncrus,
1098 4123 1132 4176 H.
1147 4120 1287 4190 Flachius,

119 4211 169 4280 qui
183 4212 308 4266 codicem
323 4213 539 4282 ‚,perlustravit“
554 4213 591 4267 ad
605 4211 847 4281 Goettlingianam
866 4211 1019 4265 editionem
1037 4197 1159 4265 tertiam.
1187 4210 1248 4263 Par.
1265 4208 1287 4273 Q

119 4303 163 4355 est
190 4301 345 4371 Lennepio,
375 4302 397 4366 Q
420 4302 564 4371 Koechlyo
588 4304 617 4355 et
639 4300 784 4369 Kinkelio,
808 4299 857 4368 qui
880 4317 895 4354 e
917 4300 1098 4370 Lennepiana
1122 4298 1289 4354 varietatem

118 4389 249 4444 lectionis
268 4390 481 4460 exscripserunt,
500 4392 562 4446 Par.
582 4389 706 4444 Flachio.
742 4388 865 4442 Rnachio
884 4389 915 4442 in
933 4389 1058 4443 editions
1075 4387 1167 4457 priore
1186 4385 1241 4439 fuit
1255 4385 1286 4439 A.

172 4490 385 4542 Dimitrljovic‚
401 4491 479 4531 studia
493 4491 614 4530 Hesiodea.
1061 4483 1074 4529 1
