2970 4980
392 297 432 353 De
452 298 587 369 ampliore
606 299 674 355 olim
692 300 785 355 Procli
804 301 1011 358 commendatio.
1242 305 1282 369 21

114 465 314 540 λιόωντες·
346 460 516 540 Ἡσίοδος·
549 464 589 528 τά
616 466 708 549 χείλη
735 473 907 541 κινοῦντες
935 465 998 531 ἀπὸ
1026 474 1084 550 τῆς
1110 468 1239 553 ῦόχρας
1266 466 1286 551 ἢ

115 567 327 651 συνάγοντες·
357 567 457 652 dedo
480 570 586 654 μύλας
609 571 860 655 συγκρούοντος.
907 571 1040 656 Κράτης
1062 574 1182 658 γράφει
1206 580 1286 658 μαλ-

113 677 277 752 κιόωντες.
315 677 405 741 ἔστιν
428 672 465 740 δδ
483 674 524 742 τό
541 677 596 742 διά
614 663 651 742 τό
671 686 777 762 ψῦχος
795 677 839 762 μη
859 679 947 763 ἔχειν
967 678 1126 768 εὐκινητμ
1147 681 1285 766 δυνάμει

113 783 310 866 χρησασθαι.
356 781 461 858 Quid?
489 783 575 867 quod
602 783 637 847 in
660 783 792 848 scholiis
816 784 934 849 vitiose
957 788 1006 848 est
1030 785 1187 869 scripturn
1207 784 1285 851 Ἰσο-

112 888 242 974 κράτης,
265 886 405 954 Orotetis
427 911 546 954 nomen
569 890 703 955 debetur
726 891 784 954 uni
806 890 1027 978 Etymologo?

202 993 343 1060 Aliunde
366 1017 496 1081 quoque
518 996 594 1061 licei
618 997 838 1062 demonstrare
855 997 963 1063 Procli
987 998 1109 1064 scholia
1127 999 1205 1064 olim
1222 1000 1286 1083 ple

111 1101 205 1166 niora
227 1102 336 1168 fuisse.
373 1101 425 1167 Ad
447 1126 475 1168 v.
496 1103 561 1168 375
586 1101 630 1190 (p.
650 1102 730 1192 237)
750 1104 785 1168 in
802 1103 979 1169 Proclianis
999 1106 1178 1189 explicatur
1195 1128 1286 1171 vocs-

112 1208 226 1273 bulum
245 1211 400 1295 φιίητησι
420 1211 476 1296 its,
494 1213 531 1274 ut
548 1232 590 1275 ne
608 1211 706 1276 verbo
725 1211 854 1294 quidem
871 1233 1058 1277 moneamur
1072 1213 1110 1278 de
1124 1214 1286 1297 scripturo

115 1317 279 1400 φηλητησι
318 1316 491 1401 obsintque
527 1317 665 1383 oliorum
697 1321 866 1402 poetarum
898 1319 1051 1402 exempla.
1102 1319 1216 1385 Tzetza
1247 1321 1285 1384 dc

111 1424 250 1505 utraque
278 1423 394 1488 saltem
421 1425 526 1489 forma
548 1424 645 1489 verba
667 1425 754 1490 facit.
800 1424 902 1501 Quam
926 1428 1033 1490 sutem
1055 1427 1184 1509 copiose
1207 1427 1284 1492 olim

112 1528 191 1593 hoec
209 1529 276 1592 sint
295 1529 456 1616 exposito,
479 1530 573 1594 testis
593 1534 642 1595 est
660 1530 867 1614 Eustachius
887 1531 942 1614 qui
960 1531 1039 1596 haec
1057 1532 1154 1598 hobel
1175 1531 1230 1620 (sd
1247 1533 1285 1598 ss.

111 1658 143 1719 p.
156 1635 295 1720 194,31;
315 1635 353 1700 cf.
368 1635 408 1700 od
422 1634 535 1719 Odyss.
550 1658 579 1718 p.
593 1636 688 1721 1889,
700 1636 732 1721 13
752 1636 792 1701 ad
805 1635 840 1700 ll.
856 1660 885 1721 p.
903 1637 1065 1725 781,12.);
1085 1640 1130 1717 ὡς
1147 1642 1185 1706 τὸ
1203 1641 1284 1726 ὑφε-

113 1741 242 1825 λέσθαι,
257 1739 315 1826 ἀφ’
330 1737 370 1807 οὗ
386 1740 442 1807 καὶ
459 1744 518 1808 τὸν
533 1744 676 1826 φιλητην
690 1742 880 1827 παράγουσί
891 1767 997 1821 τινες
1013 1756 1089 1810 τῶν
1107 1752 1283 1812 παλαιῶν

112 1854 357 1932 σχολιαστῶν
384 1858 454 1915 τοῦ
473 1847 675 1931 Ἡσιόδου,
704 1850 760 1913 ἵνα
783 1844 804 1934 ᾖ
827 1852 968 1934 φιλητης
990 1851 1008 1917 ὁ
1031 1853 1119 1937 παρὰ
1138 1850 1282 1941 Ἡσιόδῳ

111 1955 155 2040 μὴ
184 1955 247 2020 ἀπὸ
275 1964 334 2020 τοῦ
363 1961 458 2040 φηλῶ
486 1957 623 2041 φηλησω
652 1956 689 2021 τδ
718 1955 843 2021 ἀπατῦ·
881 1957 962 2023 αὐτὸ
990 1959 1052 2043 γάρ
1080 1963 1192 2043 τρίτης
1215 1958 1283 2025 ἐστὶ

110 2070 168 2145 τῆς
196 2065 366 2146 συζυγίας,
390 2063 435 2139 ὡς
458 2063 556 2145 δηλοῖ
576 2063 665 2147 παρά
688 2066 883 2148 Λυκόφρονι
906 2065 942 2128 τὸ
967 2066 1122 2147 φηλώσας
1144 2068 1283 2150 πρόμον.

111 2172 144 2232 el
166 2192 196 2253 p.
214 2168 357 2251 781,13;
386 2170 439 2234 διδ
458 2166 512 2233 καὶ
531 2171 568 2234 τὸ
588 2167 735 2234 ςπέποιθ’
757 2169 814 2251 όγε
837 2170 1030 2255 φιλητησιν’
1051 2171 1092 2236 οὐ
1110 2172 1166 2236 διδι
1184 2183 1244 2237 τοῦ
1262 2181 1284 2255 η

111 2278 177 2360 ἔχει
204 2275 266 2358 την
293 2277 462 2361 ἄρχουσαν
490 2275 531 2340 ἐν
558 2287 643 2352 τοῖς
666 2274 875 2360 ἀκριβέσιν
898 2275 1176 2361 ἀντιγράφοις,
1199 2278 1282 2344 ἀλλὰ

112 2384 168 2447 διά
199 2392 260 2449 τοῦ
291 2385 382 2465 ίιῦτα,
409 2379 465 2447 καὶ
488 2383 586 2465 δηλοῖ
612 2382 673 2447 οὐκ
700 2382 873 2448 ἀπατεῶνα
901 2383 946 2460 ὡς
973 2382 1036 2448 ἀπὸ
1064 2394 1124 2449 τοῦ
1152 2389 1282 2468 φηίείν,

111 2489 194 2555 ἀλλά
208 2487 351 2572 κλέπτην
364 2491 452 2574 παρὰ
462 2491 498 2554 τὸ
515 2489 662 2574 ὑφελεῖν,
673 2489 718 2565 ὡς
731 2487 870 2574 ἑτέρωθι
884 2493 1078 2574 κρειττόνως
1093 2489 1282 2575 γέγραπται.

109 2595 197 2660 Haec
217 2596 325 2661 docuit
343 2594 506 2660 Usenerus
531 2596 649 2661 collato
673 2595 797 2660 scholio
816 2596 933 2661 codicis
951 2595 1153 2660 Monacensis
1173 2598 1281 2683 omnia

110 2703 302 2768 adverbum
321 2703 387 2766 fere
406 2724 445 2766 ex
463 2703 611 2767 uberiore
630 2702 754 2787 sylloge
767 2702 1009 2767 Proclianorum
1024 2704 1184 2786 exscripta
1203 2725 1279 2768 esse.

199 2807 377 2875 Conficitur
400 2830 461 2895 res,
484 2810 512 2874 si
535 2809 610 2873 licet
634 2832 672 2873 ex
695 2810 797 2893 ipsius
820 2808 927 2874 Procli
949 2810 1021 2874 aliis
1041 2809 1169 2893 scriptis
1188 2830 1281 2894 argu-

109 2920 218 2981 menta
249 2917 401 2999 proferre.
447 2915 546 2980 Velut
579 2938 660 3000 quae
691 2917 727 2980 in
756 2916 1006 3001 commentariis,
1040 2938 1121 3000 quos
1148 2915 1184 2979 in
1209 2916 1281 2981 Pla-

109 3023 197 3088 tonis
229 3022 473 3106 Rcmpublicsm
510 3023 705 3107 composuit,
741 3022 780 3087 de
812 3023 983 3107 generibus
1014 3022 1163 3087 humanis
1197 3023 1281 3105 apud

109 3129 290 3199 Hesiodum
321 3127 517 3216 exposuid),
549 3152 586 3194 ca
618 3151 838 3213 comparemus
871 3151 943 3193 cum
973 3129 1166 3212 Proclianis‚
1199 3151 1280 3213 quae

108 3258 194 3301 nunc
235 3239 364 3300 exstant
400 3236 440 3300 ad
476 3238 583 3320 ipsum
619 3235 804 3300 Hesiodum.
856 3236 930 3300 Erit
967 3240 1074 3300 sulem
1111 3236 1190 3299 satis
1227 3258 1280 3319 ap·

110 3364 229 3427 ponere
255 3342 346 3407 haec:
379 3343 397 3409 ὁ
420 3339 482 3428 μὲν
504 3346 665 3425 θεολόγος
685 3340 822 3427 Ὀρφεὺς
845 3346 919 3427 τρία
942 3342 1021 3425 γένη
1045 3340 1280 3425 παραδέδωκεν

109 3449 314 3535 ἀνθρώπων·
355 3461 486 3535 πρῶτον
524 3447 585 3534 μδν
620 3450 657 3515 τὸ
691 3459 857 3534 χρυσοῦν,
894 3450 973 3534 ὅπερ
1005 3449 1189 3533 ὑποστῆσαι
1220 3450 1280 3514 τὸν

112 3555 249 3638 Φάνητά
281 3573 398 3640 φησιν·
435 3556 592 3641 δεύτερον
623 3557 661 3622 τδ
692 3555 879 3640 ἀργυροῦν,
912 3550 938 3642 cd
966 3571 1070 3639 φησιν
1097 3553 1193 3639 άρξαι
1220 3557 1279 3626 τὸν

22 3648 27 3655 ’
110 3661 267 3746 μέγιστον
294 3665 441 3747 Κρόνον·
478 3667 592 3747 τρίτου
622 3659 660 3726 δὲ
686 3664 868 3748 τιτανικόν,
900 3662 918 3726 ό
945 3678 1049 3746 φησιν
1077 3652 1206 3727 ἐκτῶν
1232 3684 1279 3724 τι-

109 3778 253 3833 τανικῶν
289 3773 399 3851 μελῶν
435 3770 494 3834 τὸν
529 3772 598 3833 Δία
631 3768 872 3850 συστήσασθαι·
905 3769 1100 3850 συννοήσας
1134 3767 1179 3842 ὡς
1208 3778 1279 3843 τοῖς

110 3871 218 3958 τρισὶν
255 3873 346 3958 ὅροις
379 3876 509 3951 τούτοις
539 3883 607 3939 πᾶν
639 3869 728 3950 εἶδος
758 3873 941 3958 περιέχεται
973 3882 1031 3957 τῆς
1063 3873 1279 3957 ἀνθρωπίνης

81 4066 85 4073 .
111 3983 201 4064 ζωῆς.
247 3978 267 4063 ἦ
295 3981 358 4065 γάρ
386 3984 505 4065 νοερόν
533 3979 602 4047 ἐστι
629 3978 684 4045 καὶ
711 3987 824 4062 θεῖον,
851 3980 964 4055 αὐτοῖς
989 3992 1060 4056 τοῖς
1087 3979 1280 4064 ἀκροτάτοις

110 4097 176 4152 τῶν
204 4089 311 4153 όντων
341 4086 573 4172 ἐνιδρυμένον,
601 4085 621 4170 ἢ
649 4088 731 4172 πρὸς
759 4084 856 4152 ἑαυτὸ
885 4083 1103 4171 ἐπέστραπται
1129 4084 1184 4151 καὶ
1207 4097 1281 4152 νοεῖ

201 4335 227 4403 1)
245 4332 350 4387 Anecd.
373 4331 453 4387 voris
478 4350 519 4402 gr.
539 4335 568 4387 et
588 4331 638 4388 lsi.
663 4332 705 4386 ed.
729 4332 761 4386 R.
782 4331 893 4387 Schoell
916 4334 945 4386 et
963 4331 995 4387 G.
1015 4331 1189 4386 studemund
1209 4336 1277 4386 1888

110 4422 136 4479 ΙΙ
151 4442 179 4495 p.
194 4429 229 4478 38
238 4439 299 4492 sqq.
