2970 4980
338 297 379 354 De
399 299 535 370 ampliore
554 299 622 355 olim
640 300 752 356 Veteris
770 300 935 372 Interpretis
954 301 1162 358 commentario
1296 304 1338 368 37

161 466 293 544 γλυκεῖ,
321 461 366 539 όις
388 459 443 526 καὶ
468 461 504 527 έν
525 460 639 528 Ἰλιάόι
664 466 811 529 ἔκκειται.
859 463 957 529 etiam
979 464 1013 529 in
1037 467 1274 531 commentariis
1298 468 1338 531 ad

160 566 309 655 Iliadem,
342 591 405 654 quo
438 569 506 654 ipse
537 593 597 635 nos
630 570 752 658 relegat
785 569 839 659 (ad
871 571 907 638 Π.
935 595 965 657 p.
996 573 1072 659 182,
1100 573 1151 636 21.
1186 572 1263 660 183,
1293 571 1337 661 1),

162 674 326 760 copiosius
350 676 489 759 explicat
513 699 623 742 vocem
643 674 890 764 Ἀργειφόντηςε
923 681 982 744 τὸν
1011 676 1041 743 6'
1070 679 1172 745 αὐτὸν
1194 678 1248 744 καὶ
1269 677 1337 767 Ἀρ-

162 785 345 867 γειφόντην
370 781 562 868 ἐπονομάζει
586 784 631 862 ὡς
654 784 758 871 ἀργὸν
776 787 899 869 φόνου·
923 787 1092 869 εἰρηνικὸν
1110 787 1173 871 γάρ
1193 785 1210 851 6
1231 788 1336 867 λόγος.

161 889 180 956 6
209 886 247 955 dt
270 896 380 974 μῦθος
405 887 642 977 Ἀργειφόντην
664 893 724 957 τὸν
747 890 853 976 φονέα
876 902 935 958 τοῦ
950 890 1075 979 Ἀργου
1102 898 1197 958 καλεῖ
1219 893 1336 980 (ipsam

160 995 306 1062 fabulam
332 1019 418 1061 nunc
445 995 567 1085 mitto).
613 998 797 1064 adenrodae
822 996 1058 1086 Ἀργειφόντης
1085 997 1228 1084 λέγεται,
1261 991 1335 1065 οἷον

156 1101 383 1190 Ἀργοφόντης
410 1103 464 1170 καί
493 1115 597 1191 τροπῇ
625 1116 685 1172 τοῦ
713 1115 732 1171 ὁ
761 1108 848 1183 εἰςε·
875 1104 930 1171 καί
958 1111 1152 1192 πλεονασμῷ
1176 1108 1335 1194 όιχρόνου

156 1206 407 1295 Ἀργειφόντης,
438 1213 546 1298 ὥσπερ
574 1210 629 1277 καί
657 1212 888 1297 ἀνδροφόντης
914 1212 1143 1297 άνὸρεφόντης
1169 1211 1224 1278 καὶ
1252 1215 1334 1279 κατά

159 1319 370 1401 πλεονασμὸν
402 1316 651 1402 ἀνόρειφόντης.
697 1322 804 1384 καίτοι
837 1321 873 1384 τὸ
904 1319 1145 1403 άνὸρειφόντης
1174 1316 1262 1397 τινές
1289 1321 1334 1397 ὡς

159 1423 224 1489 άπὸ
252 1433 310 1508 τῆς
337 1422 435 1510 άνόρί
465 1425 596 1509 δοτικῆς
624 1426 679 1489 διά
706 1436 767 1491 τοῦ
791 1439 804 1489 ῖ
825 1425 1011 1509 γράψαντες
1034 1427 1249 1510 όιφορεῑσθαι
1272 1427 1333 1510 τὴν

159 1529 250 1610 λέξιν
268 1532 498 1614 πεποιήκασιν·
523 1534 560 1596 τὸ
579 1530 692 1615 μέντοι
709 1527 942 1616 Ἀργειφόντης
960 1530 1011 1596 άεί
1034 1532 1096 1615 τὴν
1114 1533 1170 1597 dud
1189 1533 1332 1616 όιφθόγ-

158 1662 223 1720 γου
247 1639 313 1722 ἔχει
337 1639 479 1724 γραφήν.
523 1638 633 1703 ἰστέον
656 1635 708 1721 δέ,
732 1640 782 1704 ὅτι
805 1641 843 1704 τὸ
864 1634 1082 1725 Ἀργεφόντης
1104 1640 1194 1703 καθά
1216 1637 1271 1703 καὶ
1294 1640 1331 1704 τὸ

158 1744 402 1830 άνόρεφόντης,
431 1743 464 1823 έξ
492 1739 540 1810 ὧν
564 1743 800 1830 Ἀργειφόντης
825 1743 881 1810 καὶ
909 1744 1165 1828 άνόρειφόντης,
1195 1746 1332 1832 Δωρικά

158 1853 261 1935 εἰσιν,
293 1852 338 1928 ὡς
362 1848 569 1940 Ἡρφόιανὸς
593 1852 698 1935 δηλοῖ,
723 1851 759 1916 ἐν
782 1843 833 1929 οἷς
860 1849 947 1934 λέγει
975 1861 1124 1917 τοιαῦτα·
1157 1853 1194 1916 αἰ
1220 1855 1267 1929 εἰς
1294 1855 1332 1928 ος

156 1955 310 2036 όξότονοι
333 1956 460 2040 γενικαί
485 1956 721 2042 συντιθέμεναι
745 1960 930 2042 συμφώνου
961 1956 1204 2042 ἐπιφερομένου
1230 1957 1250 2041 ἢ
1275 1959 1331 2023 διὰ

155 2065 194 2130 τὸ
227 2075 247 2129 ο
280 2063 446 2148 λέγονται,
479 2056 553 2129 οἷον
583 2066 691 2148 Ζηνὸς
722 2067 906 2148 Ζηνόθεος,
943 2067 1066 2148 θριπὸς
1097 2067 1330 2151 θριπόβροτος,

155 2171 236 2248 ἁλὸς
264 2170 426 2255 άλοθηκη·
457 2170 478 2255 ἢ
502 2171 558 2236 διά
580 2180 640 2236 τοῦ
665 2184 678 2234 ῑ
699 2162 773 2235 οἷον
797 2172 959 2254 Αἰγίπαν,
982 2173 1197 2257 πυρίχαλκος,
1220 2195 1330 2236 νυκτι-

154 2276 265 2364 κόραξ.
313 2277 418 2355 οὕτως
445 2273 523 2361 οὖν,
550 2281 647 2362 φησί,
674 2275 729 2343 καὶ
757 2277 975 2363 άλοτρίβανος
1002 2278 1047 2354 ὡς
1075 2277 1248 2360 ἁλοπώλης
1274 2276 1329 2342 καί

155 2384 316 2468 ἁλοθηκη.
367 2383 384 2449 6
417 2383 530 2468 μέντοι
563 2385 619 2448 διὰ
650 2393 711 2449 τοῦ
741 2391 758 2449 ἑ
790 2383 1016 2469 ἁλετρίβανος
1037 2385 1160 2467 μήποτε
1192 2385 1330 2469 Λώριόν

154 2491 240 2557 έστι·
263 2493 298 2556 οἰ
319 2491 382 2577 γάρ
401 2492 461 2556 τὸν
477 2486 667 2557 Ἀπόλλωνα
683 2489 869 2557 Ἀπόλλωνα
893 2492 1041 2567 εἰπόντες
1058 2487 1113 2555 καί
1132 2491 1191 2555 τὸν
1210 2489 1329 2574 ἀνόρο-

154 2601 264 2684 φόνον
302 2598 514 2683 άνὸρεφόνον
550 2593 642 2662 οὗτοι
678 2595 733 2662 καί
768 2599 827 2663 τὸν
859 2597 1080 2681 άλοτρίβανον
1111 2597 1328 2681 ἀλετρίβανον

155 2712 281 2772 εἰποιεν
305 2706 355 2770 άν.
389 2707 436 2770 ἔτι
458 2702 568 2769 ἰστέον
587 2702 641 2769 καὶ
661 2705 706 2781 ὡς
725 2703 761 2770 έν
780 2714 824 2792 τῷ
844 2707 1041 2768 Παυσανίου
1060 2703 1174 2791 λεξικῷ
1194 2701 1328 2789 φέρεται

154 2812 377 2897 ἀργειφόντης
405 2812 422 2877 6
446 2811 656 2895 όφιοκτόνος·
690 2810 795 2894 ἀργὴν
818 2811 896 2896 γάρ,
924 2814 1022 2894 φησί,
1050 2812 1133 2875 ἔνιοι
1160 2811 1219 2875 τὸν
1247 2812 1328 2893 όφιν

153 2925 324 2985 καλοῦσιν.
371 2917 412 2982 οὐ
444 2916 557 3001 μέντοι
590 2919 713 3003 ἰστορεῑ
744 2913 799 2982 καὶ
831 2928 900 2992 πῶς
927 2917 1124 3001 όφιοκτόνος
1156 2916 1173 2981 6
1200 2913 1327 2999 Ἑρμῆς.

154 3024 220 3090 Gur
246 3024 326 3088 haec
352 3024 400 3088 ita
427 3023 557 3110 dixerit,
584 3046 658 3088 cum
685 3024 758 3088 aliis
785 3024 957 3107 explicatio
984 3022 1080 3086 huius
1108 3044 1236 3106 quoquc
1264 3023 1327 3106 epi-

115 3117 117 3120 *
153 3132 239 3196 theti
271 3135 400 3215 praesto
431 3131 559 3217 fuisset,
590 3130 688 3214 paulo
718 3135 793 3214 post
820 3129 1100 3194 demonstrabitur.
1146 3128 1192 3193 Ut
1220 3133 1327 3193 autem

153 3260 276 3325 eorum,
296 3258 377 3322 quae
394 3238 557 3324 proposui,
577 3260 735 3301 summam
753 3237 877 3323 faciam,
896 3236 928 3300 id
947 3259 1043 3320 quam
1062 3238 1200 3301 maxime
1218 3241 1326 3302 tenen-

153 3346 230 3410 dum
268 3348 330 3430 est,
367 3344 492 3408 etiamsi
528 3344 688 3429 permulta
724 3343 905 3408 invenimus
937 3347 970 3408 ct
1003 3343 1131 3428 quidem
1161 3344 1326 3428 nonnulla,

153 3452 274 3538 quibus
301 3449 487 3515 emendatur
514 3455 546 3515 et
573 3454 709 3538 augetur
736 3450 932 3515 Hesiodcum
959 3451 1053 3536 illud,
1080 3451 1164 3514 unde
1190 3450 1326 3535 proiecti

153 3581 273 3644 eumue,
296 3556 464 3643 scholium,
486 3558 522 3621 in
544 3558 634 3622 nulio
657 3561 767 3622 tamen
789 3580 827 3622 ex
850 3557 912 3622 hoc
930 3561 1022 3622 tanto
1041 3558 1173 3621 testium
1191 3578 1325 3621 numero

152 3687 213 3731 nos
240 3664 433 3750 repperisse,
461 3664 544 3728 unde
573 3663 650 3748 quid
677 3664 739 3727 sibi
766 3664 845 3728 velit
872 3663 953 3728 illud
978 3665 1014 3728 οἰ
1034 3659 1071 3727 66
1094 3664 1249 3748 νεώτεροι
1273 3685 1325 3747 ap-

153 3775 272 3857 pareat.
319 3769 411 3846 Quod
438 3773 546 3834 autem
573 3774 739 3854 exspectas
767 3770 961 3835 sententiam
987 3768 1041 3833 hic
1068 3769 1197 3833 subesse
1219 3790 1325 3833 recen·

153 3879 275 3944 tiorum
293 3877 642 3964 grammaticorum,
666 3877 825 3961 oppositis
844 3876 1051 3960 opinionibus
1069 3879 1223 3962 veterum,
1244 3877 1324 3940 satis

154 4006 312 4070 superque
330 3983 540 4070 cognovimus
558 3983 771 4049 recentiorum
789 3983 879 4047 iliam
898 3982 1090 4047 sententiam
1109 3982 1239 4046 omnino
1257 4005 1325 4047 non

153 4112 297 4178 pugnare
325 4112 397 4154 cum
424 4090 482 4175 eis,
511 4113 592 4176 quae
615 4090 813 4174 antiquiores
836 4090 1064 4176 grammaticos
1086 4110 1172 4153 nunc
1195 4093 1324 4154 constat

152 4197 213 4264 hac
227 4198 266 4263 de
280 4219 314 4261 re
329 4196 481 4261 docuisse.
505 4197 667 4283 Sequitur,
685 4201 722 4261 ut
734 4196 796 4262 hoc
810 4218 938 4281 quoque
951 4197 1032 4280 loce,
1046 4199 1083 4260 ut
1098 4196 1281 4280 saepissime
1287 4192 1323 4282 l),

152 4343 366 4354 ψ,-

243 4429 269 4498 1)
289 4426 319 4482 si
340 4424 499 4496 augendum
521 4443 578 4482 non
597 4425 651 4481 erit
668 4425 819 4494 scholium,
843 4425 892 4479 sed
913 4427 1025 4480 tantum
1043 4425 1119 4495 quod
1136 4441 1211 4479 nunc
1229 4425 1323 4479 exstat
