<?xml version="1.0" encoding="UTF-8"?>
<!DOCTYPE html PUBLIC "-//W3C//DTD XHTML 1.0 Transitional//EN"
    "http://www.w3.org/TR/xhtml1/DTD/xhtml1-transitional.dtd">
<html xmlns="http://www.w3.org/1999/xhtml" xml:lang="en" lang="en">
 <head>
  <title>
</title>
<meta http-equiv="Content-Type" content="text/html;charset=utf-8" />
  <meta name='ocr-system' content='tesseract 3.04.00' />
  <meta name='ocr-capabilities' content='ocr_page ocr_carea ocr_par ocr_line ocrx_word'/>
</head>
<body>
  <div class='ocr_page' id='page_1' title='image "./studiahesiodeas00dimigoog_0181.png"; bbox 0 0 2984 4980; ppageno 0'>
   <div class='ocr_carea' id='block_1_1' title="bbox 240 317 1160 391">
    <p class='ocr_par' dir='ltr' id='par_1_1' title="bbox 240 317 1160 391">
     <span class='ocr_line' id='line_1_1' title="bbox 240 317 1160 391; baseline -0.004 -13"><span class='ocrx_word' id='word_1_1' title='bbox 240 321 304 386; x_wconf 83' lang='grc'>170</span> <span class='ocrx_word' id='word_1_2' title='bbox 485 320 528 374; x_wconf 90' lang='lat' dir='ltr'>De</span> <span class='ocrx_word' id='word_1_3' title='bbox 547 323 667 391; x_wconf 90' lang='lat' dir='ltr'>Operum</span> <span class='ocrx_word' id='word_1_4' title='bbox 684 319 810 375; x_wconf 88' lang='lat' dir='ltr'>versibus</span> <span class='ocrx_word' id='word_1_5' title='bbox 830 318 865 374; x_wconf 91' lang='lat' dir='ltr'>ab</span> <span class='ocrx_word' id='word_1_6' title='bbox 886 317 1010 387; x_wconf 87' lang='lat' dir='ltr'>antiquis</span> <span class='ocrx_word' id='word_1_7' title='bbox 1029 317 1160 374; x_wconf 85' lang='lat' dir='ltr'>laudatis.</span> 
     </span>
    </p>
   </div>
   <div class='ocr_carea' id='block_1_2' title="bbox 238 482 1416 676">
    <p class='ocr_par' dir='ltr' id='par_1_2' title="bbox 238 482 1416 676">
     <span class='ocr_line' id='line_1_2' title="bbox 238 482 1414 568; baseline -0.001 -19"><span class='ocrx_word' id='word_1_8' title='bbox 238 483 298 549; x_wconf 81' lang='lat' dir='ltr'>An.</span> <span class='ocrx_word' id='word_1_9' title='bbox 317 484 387 549; x_wconf 87' lang='lat' dir='ltr'>Par.</span> <span class='ocrx_word' id='word_1_10' title='bbox 406 483 423 548; x_wconf 95' lang='lat' dir='ltr'>I</span> <span class='ocrx_word' id='word_1_11' title='bbox 442 506 471 568; x_wconf 91' lang='lat' dir='ltr'>p.</span> <span class='ocrx_word' id='word_1_12' title='bbox 491 483 564 549; x_wconf 87' lang='grc'>295.</span> <span class='ocrx_word' id='word_1_13' title='bbox 584 485 627 548; x_wconf 93' lang='grc'>22</span> <span class='ocrx_word' id='word_1_14' title='bbox 651 483 753 548; x_wconf 91' lang='lat' dir='ltr'>celato</span> <span class='ocrx_word' id='word_1_15' title='bbox 776 483 906 548; x_wconf 91' lang='lat' dir='ltr'>nomine</span> <span class='ocrx_word' id='word_1_16' title='bbox 929 486 1043 567; x_wconf 87' lang='lat' dir='ltr'>poetae</span> <span class='ocrx_word' id='word_1_17' title='bbox 1066 482 1177 546; x_wconf 89' lang='lat' dir='ltr'>laudat</span> <span class='ocrx_word' id='word_1_18' title='bbox 1200 483 1293 567; x_wconf 91' lang='lat' dir='ltr'>prius</span> <span class='ocrx_word' id='word_1_19' title='bbox 1317 482 1414 548; x_wconf 91' lang='lat' dir='ltr'>hemi-</span> 
     </span>
     <span class='ocr_line' id='line_1_3' title="bbox 239 589 1416 676; baseline 0 -20"><span class='ocrx_word' id='word_1_20' title='bbox 239 591 398 657; x_wconf 91' lang='lat' dir='ltr'>stichium.</span> <span class='ocrx_word' id='word_1_21' title='bbox 433 627 475 639; x_wconf 87' lang='lat'>——</span> <span class='ocrx_word' id='word_1_22' title='bbox 508 591 711 656; x_wconf 88' lang='lat' dir='ltr'>Dubitabant</span> <span class='ocrx_word' id='word_1_23' title='bbox 738 589 800 654; x_wconf 85' lang='lat' dir='ltr'>viri</span> <span class='ocrx_word' id='word_1_24' title='bbox 828 589 928 676; x_wconf 88' lang='lat' dir='ltr'>docti,</span> <span class='ocrx_word' id='word_1_25' title='bbox 958 590 1033 674; x_wconf 89' lang='lat' dir='ltr'>quia</span> <span class='ocrx_word' id='word_1_26' title='bbox 1060 611 1128 654; x_wconf 89' lang='lat' dir='ltr'>non</span> <span class='ocrx_word' id='word_1_27' title='bbox 1154 591 1234 654; x_wconf 88' lang='lat' dir='ltr'>satis</span> <span class='ocrx_word' id='word_1_28' title='bbox 1257 596 1416 656; x_wconf 86' lang='lat' dir='ltr'>noverant</span> 
     </span>
    </p>
   </div>
   <div class='ocr_carea' id='block_1_3' title="bbox 239 696 1415 784">
    <p class='ocr_par' dir='ltr' id='par_1_3' title="bbox 239 696 1415 784">
     <span class='ocr_line' id='line_1_4' title="bbox 239 696 1415 784; baseline 0 -21"><span class='ocrx_word' id='word_1_29' title='bbox 239 700 391 783; x_wconf 85' lang='lat' dir='ltr'>scriptam</span> <span class='ocrx_word' id='word_1_30' title='bbox 409 699 605 784; x_wconf 84' lang='lat' dir='ltr'>memoriam,</span> <span class='ocrx_word' id='word_1_31' title='bbox 629 698 788 782; x_wconf 92' lang='lat' dir='ltr'>quomodo</span> <span class='ocrx_word' id='word_1_32' title='bbox 813 701 897 762; x_wconf 87' lang='lat' dir='ltr'>esset</span> <span class='ocrx_word' id='word_1_33' title='bbox 919 696 1058 762; x_wconf 77' lang='lat' dir='ltr'>traditur</span> <span class='ocrx_word' id='word_1_34' title='bbox 1078 697 1113 761; x_wconf 93' lang='lat' dir='ltr'>in</span> <span class='ocrx_word' id='word_1_35' title='bbox 1130 697 1225 763; x_wconf 92' lang='lat' dir='ltr'>libris</span> <span class='ocrx_word' id='word_1_36' title='bbox 1245 697 1415 764; x_wconf 87' lang='lat' dir='ltr'>Hesiodeis</span> 
     </span>
    </p>
   </div>
   <div class='ocr_carea' id='block_1_4' title="bbox 238 802 772 976">
    <p class='ocr_par' dir='ltr' id='par_1_4' title="bbox 238 802 772 976">
     <span class='ocr_line' id='line_1_5' title="bbox 238 802 772 871; baseline -0.004 -1"><span class='ocrx_word' id='word_1_37' title='bbox 238 829 351 871; x_wconf 85' lang='lat' dir='ltr'>versus</span> <span class='ocrx_word' id='word_1_38' title='bbox 370 806 421 871; x_wconf 90' lang='grc'>62.</span> <span class='ocrx_word' id='word_1_39' title='bbox 467 805 611 871; x_wconf 84' lang='lat' dir='ltr'>Exhibet</span> <span class='ocrx_word' id='word_1_40' title='bbox 635 806 719 869; x_wconf 88' lang='lat' dir='ltr'>enim</span> <span class='ocrx_word' id='word_1_41' title='bbox 743 802 772 868; x_wconf 76' lang='lat' dir='ltr'>(l</span> 
     </span>
     <span class='ocr_line' id='line_1_6' title="bbox 693 909 731 976; baseline 0 0"><span class='ocrx_word' id='word_1_42' title='bbox 693 909 731 976; x_wconf 72' lang='grc' dir='ltr'>δὲ</span> 
     </span>
    </p>
   </div>
   <div class='ocr_carea' id='block_1_5' title="bbox 238 997 1417 2184">
    <p class='ocr_par' dir='ltr' id='par_1_5' title="bbox 501 997 1142 1085">
     <span class='ocr_line' id='line_1_7' title="bbox 501 997 1142 1085; baseline -0.005 -18"><span class='ocrx_word' id='word_1_43' title='bbox 501 1002 687 1085; x_wconf 69' lang='grc' dir='ltr'><em>ἀθανάτῃσι</em></span> <span class='ocrx_word' id='word_1_44' title='bbox 733 1008 830 1077; x_wconf 84' lang='grc' dir='ltr'><em>θεαῖς</em></span> <span class='ocrx_word' id='word_1_45' title='bbox 852 1002 904 1077; x_wconf 84' lang='grc' dir='ltr'><em>είς·</em></span> <span class='ocrx_word' id='word_1_46' title='bbox 923 997 995 1066; x_wconf 80' lang='grc' dir='ltr'>ὦτα</span> <span class='ocrx_word' id='word_1_47' title='bbox 1020 998 1142 1065; x_wconf 82' lang='grc' dir='ltr'>ἐίσκειν</span> 
     </span>
    </p>

    <p class='ocr_par' dir='ltr' id='par_1_6' title="bbox 238 1132 1417 1950">
     <span class='ocr_line' id='line_1_8' title="bbox 239 1132 1417 1225; baseline -0.001 -24"><span class='ocrx_word' id='word_1_48' title='bbox 239 1135 450 1225; x_wconf 88' lang='lat' dir='ltr'>(postremum</span> <span class='ocrx_word' id='word_1_49' title='bbox 477 1135 671 1200; x_wconf 84' lang='lat' dir='ltr'>vocabulum</span> <span class='ocrx_word' id='word_1_50' title='bbox 699 1137 748 1198; x_wconf 88' lang='lat' dir='ltr'>est</span> <span class='ocrx_word' id='word_1_51' title='bbox 776 1134 933 1217; x_wconf 90' lang='lat' dir='ltr'>scriptum</span> <span class='ocrx_word' id='word_1_52' title='bbox 960 1132 1080 1197; x_wconf 91' lang='lat' dir='ltr'>litteris</span> <span class='ocrx_word' id='word_1_53' title='bbox 1108 1134 1287 1198; x_wconf 85' lang='lat' dir='ltr'>maioribus</span> <span class='ocrx_word' id='word_1_54' title='bbox 1312 1134 1347 1199; x_wconf 91' lang='lat' dir='ltr'>in</span> <span class='ocrx_word' id='word_1_55' title='bbox 1370 1158 1417 1200; x_wconf 80' lang='lat' dir='ltr'>ra</span> 
     </span>
     <span class='ocr_line' id='line_1_9' title="bbox 239 1240 1416 1330; baseline -0.001 -22"><span class='ocrx_word' id='word_1_56' title='bbox 239 1267 327 1328; x_wconf 87' lang='lat' dir='ltr'>sura,</span> <span class='ocrx_word' id='word_1_57' title='bbox 359 1244 449 1308; x_wconf 88' lang='lat' dir='ltr'>etin</span> <span class='ocrx_word' id='word_1_58' title='bbox 480 1242 625 1328; x_wconf 80' lang='lat' dir='ltr'>margine</span> <span class='ocrx_word' id='word_1_59' title='bbox 652 1241 796 1305; x_wconf 89' lang='lat' dir='ltr'>additum</span> <span class='ocrx_word' id='word_1_60' title='bbox 824 1264 843 1304; x_wconf 91' lang='lat' dir='ltr'>a</span> <span class='ocrx_word' id='word_1_61' title='bbox 870 1262 967 1304; x_wconf 88' lang='lat' dir='ltr'>manu</span> <span class='ocrx_word' id='word_1_62' title='bbox 995 1240 1171 1305; x_wconf 88' lang='lat' dir='ltr'>recentiore</span> <span class='ocrx_word' id='word_1_63' title='bbox 1199 1265 1250 1326; x_wconf 79' lang='grc' dir='ltr'>γρ.</span> <span class='ocrx_word' id='word_1_64' title='bbox 1282 1240 1416 1330; x_wconf 86' lang='grc' dir='ltr'>ἔοικεν),</span> 
     </span>
     <span class='ocr_line' id='line_1_10' title="bbox 239 1345 1415 1437; baseline -0.001 -22"><span class='ocrx_word' id='word_1_65' title='bbox 239 1355 350 1415; x_wconf 90' lang='lat' dir='ltr'>contra</span> <span class='ocrx_word' id='word_1_66' title='bbox 363 1351 409 1415; x_wconf 89' lang='lat' dir='ltr'>D:</span> <span class='ocrx_word' id='word_1_67' title='bbox 428 1350 613 1427; x_wconf 77' lang='grc' dir='ltr'><em>ἀθανάταις</em></span> <span class='ocrx_word' id='word_1_68' title='bbox 631 1345 668 1413; x_wconf 75' lang='grc' dir='ltr'>δὲ</span> <span class='ocrx_word' id='word_1_69' title='bbox 687 1356 783 1424; x_wconf 78' lang='grc' dir='ltr'><em>θεαῖς</em></span> <span class='ocrx_word' id='word_1_70' title='bbox 802 1351 979 1412; x_wconf 88' lang='lat' dir='ltr'>correctum</span> <span class='ocrx_word' id='word_1_71' title='bbox 998 1347 1033 1410; x_wconf 92' lang='lat' dir='ltr'>in</span> <span class='ocrx_word' id='word_1_72' title='bbox 1050 1347 1221 1430; x_wconf 77' lang='grc' dir='ltr'><em>ἀθανάτης</em></span> <span class='ocrx_word' id='word_1_73' title='bbox 1236 1350 1274 1413; x_wconf 84' lang='grc' dir='ltr'>δε</span> <span class='ocrx_word' id='word_1_74' title='bbox 1288 1348 1415 1437; x_wconf 53' lang='grc' dir='ltr'>θεᾶςῇ)</span> 
     </span>
     <span class='ocr_line' id='line_1_11' title="bbox 240 1452 1417 1541; baseline -0.001 -19"><span class='ocrx_word' id='word_1_75' title='bbox 240 1458 356 1522; x_wconf 87' lang='lat' dir='ltr'>codicis</span> <span class='ocrx_word' id='word_1_76' title='bbox 388 1457 543 1522; x_wconf 81' lang='lat' dir='ltr'>Messenii</span> <span class='ocrx_word' id='word_1_77' title='bbox 574 1455 670 1520; x_wconf 90' lang='lat' dir='ltr'>lectio</span> <span class='ocrx_word' id='word_1_78' title='bbox 699 1453 746 1541; x_wconf 87' lang='lat' dir='ltr'>(et</span> <span class='ocrx_word' id='word_1_79' title='bbox 780 1454 970 1519; x_wconf 76' lang='lat' dir='ltr'>scholiastae</span> <span class='ocrx_word' id='word_1_80' title='bbox 998 1453 1128 1518; x_wconf 88' lang='lat' dir='ltr'>Pindari</span> <span class='ocrx_word' id='word_1_81' title='bbox 1151 1454 1171 1519; x_wconf 87' lang='lat' dir='ltr'>l.</span> <span class='ocrx_word' id='word_1_82' title='bbox 1190 1452 1226 1541; x_wconf 94' lang='lat' dir='ltr'>l.)</span> <span class='ocrx_word' id='word_1_83' title='bbox 1258 1458 1309 1518; x_wconf 89' lang='lat' dir='ltr'>est</span> <span class='ocrx_word' id='word_1_84' title='bbox 1338 1455 1417 1521; x_wconf 90' lang='grc' dir='ltr'><em>ἀθα-</em></span> 
     </span>
     <span class='ocr_line' id='line_1_12' title="bbox 238 1559 1417 1650; baseline -0.003 -20"><span class='ocrx_word' id='word_1_85' title='bbox 238 1565 339 1647; x_wconf 87' lang='grc' dir='ltr'><em>νάτῃς</em></span> <span class='ocrx_word' id='word_1_86' title='bbox 362 1561 400 1629; x_wconf 73' lang='grc' dir='ltr'>δὲ</span> <span class='ocrx_word' id='word_1_87' title='bbox 422 1570 506 1647; x_wconf 76' lang='grc' dir='ltr'><em>θεῆς</em></span> <span class='ocrx_word' id='word_1_88' title='bbox 528 1559 632 1650; x_wconf 86' lang='lat' dir='ltr'>(sed</span> <span class='ocrx_word' id='word_1_89' title='bbox 623 1585 657 1626; x_wconf 90' lang='grc' dir='ltr'>ιιι</span> <span class='ocrx_word' id='word_1_90' title='bbox 675 1562 804 1626; x_wconf 84' lang='lat' dir='ltr'>Mess&#39;</span> <span class='ocrx_word' id='word_1_91' title='bbox 794 1565 842 1626; x_wconf 94' lang='lat'>10</span> <span class='ocrx_word' id='word_1_92' title='bbox 844 1585 863 1626; x_wconf 88' lang='lat' dir='ltr'>a</span> <span class='ocrx_word' id='word_1_93' title='bbox 886 1584 905 1625; x_wconf 89' lang='lat' dir='ltr'>a</span> <span class='ocrx_word' id='word_1_94' title='bbox 927 1583 1024 1626; x_wconf 87' lang='lat' dir='ltr'>manu</span> <span class='ocrx_word' id='word_1_95' title='bbox 1047 1562 1224 1626; x_wconf 73' lang='lat' dir='ltr'>recentiore</span> <span class='ocrx_word' id='word_1_96' title='bbox 1247 1567 1327 1626; x_wconf 86' lang='lat' dir='ltr'>sunt</span> <span class='ocrx_word' id='word_1_97' title='bbox 1346 1562 1417 1627; x_wconf 89' lang='lat' dir='ltr'>sub-</span> 
     </span>
     <span class='ocr_line' id='line_1_13' title="bbox 240 1668 1417 1791; baseline -0.002 -55"><span class='ocrx_word' id='word_1_98' title='bbox 240 1672 360 1755; x_wconf 90' lang='lat' dir='ltr'>scripta</span> <span class='ocrx_word' id='word_1_99' title='bbox 342 1668 411 1791; x_wconf 77' lang='lat' dir='ltr'><strong>a).²)</strong></span> <span class='ocrx_word' id='word_1_100' title='bbox 462 1669 577 1753; x_wconf 88' lang='lat' dir='ltr'>Neque</span> <span class='ocrx_word' id='word_1_101' title='bbox 603 1690 663 1754; x_wconf 88' lang='lat' dir='ltr'>ego</span> <span class='ocrx_word' id='word_1_102' title='bbox 693 1669 821 1754; x_wconf 87' lang='lat' dir='ltr'>dubito,</span> <span class='ocrx_word' id='word_1_103' title='bbox 854 1669 931 1753; x_wconf 89' lang='lat' dir='ltr'>quin</span> <span class='ocrx_word' id='word_1_104' title='bbox 954 1668 1032 1733; x_wconf 90' lang='lat' dir='ltr'>haec</span> <span class='ocrx_word' id='word_1_105' title='bbox 1064 1692 1129 1733; x_wconf 89' lang='lat' dir='ltr'>una</span> <span class='ocrx_word' id='word_1_106' title='bbox 1154 1668 1229 1733; x_wconf 88' lang='lat' dir='ltr'>lect</span> <span class='ocrx_word' id='word_1_107' title='bbox 1204 1673 1252 1733; x_wconf 88' lang='lat' dir='ltr'>tro</span> <span class='ocrx_word' id='word_1_108' title='bbox 1286 1673 1417 1734; x_wconf 87' lang='lat' dir='ltr'>exarata</span> 
     </span>
     <span class='ocr_line' id='line_1_14' title="bbox 239 1775 1416 1860; baseline -0.001 -17"><span class='ocrx_word' id='word_1_109' title='bbox 239 1778 399 1843; x_wconf 86' lang='lat' dir='ltr'>fueritin</span> <span class='ocrx_word' id='word_1_110' title='bbox 422 1777 584 1842; x_wconf 91' lang='lat' dir='ltr'>communi</span> <span class='ocrx_word' id='word_1_111' title='bbox 607 1776 781 1860; x_wconf 85' lang='lat' dir='ltr'>archetypo</span> <span class='ocrx_word' id='word_1_112' title='bbox 806 1775 1024 1860; x_wconf 87' lang='lat' dir='ltr'>suprascripta</span> <span class='ocrx_word' id='word_1_113' title='bbox 1047 1780 1139 1860; x_wconf 91' lang='lat' dir='ltr'>parte</span> <span class='ocrx_word' id='word_1_114' title='bbox 1161 1798 1275 1841; x_wconf 84' lang='lat' dir='ltr'>versus</span> <span class='ocrx_word' id='word_1_115' title='bbox 1299 1777 1416 1842; x_wconf 88' lang='lat' dir='ltr'>similis</span> 
     </span>
     <span class='ocr_line' id='line_1_15' title="bbox 243 1884 436 1950; baseline -0.005 0"><span class='ocrx_word' id='word_1_116' title='bbox 243 1889 275 1950; x_wconf 92' lang='grc' dir='ltr'>Γ</span> <span class='ocrx_word' id='word_1_117' title='bbox 290 1884 352 1950; x_wconf 82' lang='lat'>158</span> <span class='ocrx_word' id='word_1_118' title='bbox 377 1885 436 1950; x_wconf 87' lang='lat' dir='ltr'>sio:</span> 
     </span>
    </p>

    <p class='ocr_par' dir='ltr' id='par_1_7' title="bbox 411 1987 1204 2077">
     <span class='ocr_line' id='line_1_16' title="bbox 411 1987 1204 2077; baseline 0 -22"><span class='ocrx_word' id='word_1_119' title='bbox 411 1990 598 2075; x_wconf 84' lang='grc' dir='ltr'>ἀθανάτῃσιΙ</span> <span class='ocrx_word' id='word_1_120' title='bbox 660 1997 742 2076; x_wconf 78' lang='grc' dir='ltr'><em>θεῇς</em></span> <span class='ocrx_word' id='word_1_121' title='bbox 766 1993 813 2067; x_wconf 82' lang='grc' dir='ltr'>είς</span> <span class='ocrx_word' id='word_1_122' title='bbox 835 1987 908 2056; x_wconf 81' lang='grc' dir='ltr'>ὦπα</span> <span class='ocrx_word' id='word_1_123' title='bbox 931 1992 1040 2055; x_wconf 81' lang='grc' dir='ltr'><em>ἔοικεν</em></span> <span class='ocrx_word' id='word_1_124' title='bbox 1063 1988 1111 2076; x_wconf 84' lang='grc' dir='ltr'>(Γ</span> <span class='ocrx_word' id='word_1_125' title='bbox 1126 1988 1204 2077; x_wconf 82' lang='lat'><strong>158)</strong></span> 
     </span>
    </p>

    <p class='ocr_par' dir='ltr' id='par_1_8' title="bbox 409 2094 1240 2184">
     <span class='ocr_line' id='line_1_17' title="bbox 409 2094 1240 2184; baseline -0.001 -23"><span class='ocrx_word' id='word_1_126' title='bbox 409 2097 579 2182; x_wconf 75' lang='grc' dir='ltr'><em>ἀθανάτῃς</em></span> <span class='ocrx_word' id='word_1_127' title='bbox 602 2094 639 2162; x_wconf 69' lang='grc' dir='ltr'>δὲ</span> <span class='ocrx_word' id='word_1_128' title='bbox 662 2104 744 2183; x_wconf 73' lang='grc' dir='ltr'><em>θεῇς</em></span> <span class='ocrx_word' id='word_1_129' title='bbox 768 2099 815 2174; x_wconf 74' lang='grc' dir='ltr'>εἰς</span> <span class='ocrx_word' id='word_1_130' title='bbox 838 2094 911 2163; x_wconf 82' lang='grc' dir='ltr'>ὦπα</span> <span class='ocrx_word' id='word_1_131' title='bbox 935 2096 1057 2162; x_wconf 77' lang='grc' dir='ltr'>ἐίσκειν</span> <span class='ocrx_word' id='word_1_132' title='bbox 1081 2095 1153 2183; x_wconf 83' lang='lat' dir='ltr'><strong>(Op.</strong></span> <span class='ocrx_word' id='word_1_133' title='bbox 1173 2095 1240 2184; x_wconf 88' lang='grc'>62).</span> 
     </span>
    </p>
   </div>
   <div class='ocr_carea' id='block_1_6' title="bbox 238 2229 1417 2531">
    <p class='ocr_par' dir='ltr' id='par_1_9' title="bbox 238 2229 1417 2531">
     <span class='ocr_line' id='line_1_18' title="bbox 241 2229 1417 2318; baseline 0 -22"><span class='ocrx_word' id='word_1_134' title='bbox 241 2231 309 2296; x_wconf 87' lang='lat' dir='ltr'>lam</span> <span class='ocrx_word' id='word_1_135' title='bbox 342 2253 378 2295; x_wconf 89' lang='lat' dir='ltr'>ea</span> <span class='ocrx_word' id='word_1_136' title='bbox 411 2235 460 2295; x_wconf 90' lang='lat' dir='ltr'>est</span> <span class='ocrx_word' id='word_1_137' title='bbox 493 2232 584 2316; x_wconf 92' lang='lat' dir='ltr'>origo</span> <span class='ocrx_word' id='word_1_138' title='bbox 611 2232 759 2296; x_wconf 88' lang='lat' dir='ltr'>lectionis</span> <span class='ocrx_word' id='word_1_139' title='bbox 788 2231 905 2296; x_wconf 91' lang='lat' dir='ltr'>codicis</span> <span class='ocrx_word' id='word_1_140' title='bbox 934 2229 974 2318; x_wconf 77' lang='lat' dir='ltr'>G,</span> <span class='ocrx_word' id='word_1_141' title='bbox 1000 2235 1038 2295; x_wconf 92' lang='lat' dir='ltr'>ut</span> <span class='ocrx_word' id='word_1_142' title='bbox 1066 2231 1218 2296; x_wconf 88' lang='lat' dir='ltr'>librarius</span> <span class='ocrx_word' id='word_1_143' title='bbox 1251 2233 1417 2316; x_wconf 70' lang='lat' dir='ltr'>scripserit</span> 
     </span>
     <span class='ocr_line' id='line_1_19' title="bbox 240 2337 1416 2426; baseline 0.002 -24"><span class='ocrx_word' id='word_1_144' title='bbox 240 2360 369 2403; x_wconf 85' lang='lat' dir='ltr'>versum</span> <span class='ocrx_word' id='word_1_145' title='bbox 383 2337 590 2403; x_wconf 88' lang='lat' dir='ltr'>Homericum</span> <span class='ocrx_word' id='word_1_146' title='bbox 610 2344 652 2426; x_wconf 86' lang='lat' dir='ltr'>et,</span> <span class='ocrx_word' id='word_1_147' title='bbox 669 2343 706 2403; x_wconf 89' lang='lat' dir='ltr'>ut</span> <span class='ocrx_word' id='word_1_148' title='bbox 722 2342 865 2403; x_wconf 86' lang='lat' dir='ltr'>erratum</span> <span class='ocrx_word' id='word_1_149' title='bbox 883 2339 1074 2424; x_wconf 80' lang='lat' dir='ltr'>emendaret,</span> <span class='ocrx_word' id='word_1_150' title='bbox 1093 2338 1207 2403; x_wconf 79' lang='lat' dir='ltr'>crocis</span> <span class='ocrx_word' id='word_1_151' title='bbox 1227 2338 1416 2425; x_wconf 77' lang='grc' dir='ltr'><em>ἀθανάτῃσι</em></span> 
     </span>
     <span class='ocr_line' id='line_1_20' title="bbox 238 2442 1416 2531; baseline 0.002 -21"><span class='ocrx_word' id='word_1_152' title='bbox 238 2446 367 2531; x_wconf 77' lang='lat' dir='ltr'>punctis</span> <span class='ocrx_word' id='word_1_153' title='bbox 395 2446 557 2510; x_wconf 82' lang='lat' dir='ltr'>notaverit</span> <span class='ocrx_word' id='word_1_154' title='bbox 584 2447 716 2530; x_wconf 89' lang='lat' dir='ltr'>falsum,</span> <span class='ocrx_word' id='word_1_155' title='bbox 749 2442 786 2510; x_wconf 73' lang='grc' dir='ltr'>δὲ</span> <span class='ocrx_word' id='word_1_156' title='bbox 815 2446 1092 2531; x_wconf 88' lang='lat' dir='ltr'>suprascripserit,</span> <span class='ocrx_word' id='word_1_157' title='bbox 1124 2467 1280 2530; x_wconf 81' lang='lat' dir='ltr'>erasoque</span> <span class='ocrx_word' id='word_1_158' title='bbox 1310 2449 1416 2512; x_wconf 82' lang='grc' dir='ltr'><em>ἔοικεν</em></span> 
     </span>
    </p>
   </div>
   <div class='ocr_carea' id='block_1_7' title="bbox 238 2552 1417 3711">
    <p class='ocr_par' dir='ltr' id='par_1_10' title="bbox 238 2552 1417 3282">
     <span class='ocr_line' id='line_1_21' title="bbox 240 2552 1416 2639; baseline 0 -21"><span class='ocrx_word' id='word_1_159' title='bbox 240 2553 418 2618; x_wconf 84' lang='lat' dir='ltr'>exaraverit</span> <span class='ocrx_word' id='word_1_160' title='bbox 443 2552 572 2618; x_wconf 82' lang='grc' dir='ltr'><em>ἐίσκειν.</em></span> <span class='ocrx_word' id='word_1_161' title='bbox 627 2553 672 2617; x_wconf 83' lang='lat' dir='ltr'>Et</span> <span class='ocrx_word' id='word_1_162' title='bbox 696 2556 868 2637; x_wconf 88' lang='lat' dir='ltr'>antequam</span> <span class='ocrx_word' id='word_1_163' title='bbox 892 2552 1300 2639; x_wconf 9' lang='lat' dir='ltr'>erroremyanimadrertit,</span> <span class='ocrx_word' id='word_1_164' title='bbox 1333 2553 1416 2618; x_wconf 86' lang='lat' dir='ltr'>idem</span> 
     </span>
     <span class='ocr_line' id='line_1_22' title="bbox 238 2659 1417 2746; baseline 0.001 -21"><span class='ocrx_word' id='word_1_165' title='bbox 238 2661 406 2746; x_wconf 88' lang='lat' dir='ltr'>librarius,</span> <span class='ocrx_word' id='word_1_166' title='bbox 432 2666 469 2725; x_wconf 92' lang='lat' dir='ltr'>ut</span> <span class='ocrx_word' id='word_1_167' title='bbox 497 2660 600 2745; x_wconf 88' lang='lat' dir='ltr'>prima</span> <span class='ocrx_word' id='word_1_168' title='bbox 633 2681 744 2724; x_wconf 81' lang='lat' dir='ltr'>versus</span> <span class='ocrx_word' id='word_1_169' title='bbox 764 2659 806 2723; x_wconf 85' lang='grc'>63</span> <span class='ocrx_word' id='word_1_170' title='bbox 829 2682 893 2724; x_wconf 84' lang='lat' dir='ltr'>vox</span> <span class='ocrx_word' id='word_1_171' title='bbox 916 2660 1123 2744; x_wconf 87' lang='lat' dir='ltr'>responderet</span> <span class='ocrx_word' id='word_1_172' title='bbox 1146 2660 1269 2725; x_wconf 86' lang='lat' dir='ltr'>formae</span> <span class='ocrx_word' id='word_1_173' title='bbox 1293 2660 1417 2726; x_wconf 89' lang='grc' dir='ltr'><em>ἀθανά-</em></span> 
     </span>
     <span class='ocr_line' id='line_1_23' title="bbox 239 2765 1416 2854; baseline -0.002 -21"><span class='ocrx_word' id='word_1_174' title='bbox 239 2784 348 2854; x_wconf 89' lang='grc' dir='ltr'><em>τῃσιν,</em></span> <span class='ocrx_word' id='word_1_175' title='bbox 376 2767 505 2851; x_wconf 73' lang='lat' dir='ltr'>scripsit</span> <span class='ocrx_word' id='word_1_176' title='bbox 532 2774 761 2851; x_wconf 79' lang='grc' dir='ltr'><em>παρθενιαῆσι.</em></span> <span class='ocrx_word' id='word_1_177' title='bbox 813 2765 874 2842; x_wconf 81' lang='lat' dir='ltr'>Qui</span> <span class='ocrx_word' id='word_1_178' title='bbox 902 2789 977 2831; x_wconf 87' lang='lat' dir='ltr'>vero</span> <span class='ocrx_word' id='word_1_179' title='bbox 1008 2791 1058 2854; x_wconf 79' lang='grc' dir='ltr'>γρ.</span> <span class='ocrx_word' id='word_1_180' title='bbox 1083 2769 1191 2832; x_wconf 83' lang='grc' dir='ltr'><em>ἔοικεν</em></span> <span class='ocrx_word' id='word_1_181' title='bbox 1212 2767 1249 2831; x_wconf 90' lang='lat' dir='ltr'>in</span> <span class='ocrx_word' id='word_1_182' title='bbox 1270 2768 1416 2853; x_wconf 86' lang='lat' dir='ltr'>margine</span> 
     </span>
     <span class='ocr_line' id='line_1_24' title="bbox 240 2873 1416 2959; baseline 0.001 -20"><span class='ocrx_word' id='word_1_183' title='bbox 240 2875 357 2939; x_wconf 90' lang='lat' dir='ltr'>codicis</span> <span class='ocrx_word' id='word_1_184' title='bbox 380 2874 556 2959; x_wconf 84' lang='lat' dir='ltr'>adnotavit,</span> <span class='ocrx_word' id='word_1_185' title='bbox 579 2874 642 2938; x_wconf 89' lang='lat' dir='ltr'>hoc</span> <span class='ocrx_word' id='word_1_186' title='bbox 664 2873 799 2938; x_wconf 87' lang='lat' dir='ltr'>verbum</span> <span class='ocrx_word' id='word_1_187' title='bbox 821 2874 916 2938; x_wconf 87' lang='lat' dir='ltr'>male</span> <span class='ocrx_word' id='word_1_188' title='bbox 940 2896 1090 2938; x_wconf 88' lang='lat' dir='ltr'>erasum</span> <span class='ocrx_word' id='word_1_189' title='bbox 1113 2873 1193 2958; x_wconf 87' lang='lat' dir='ltr'>legit</span> <span class='ocrx_word' id='word_1_190' title='bbox 1216 2875 1252 2938; x_wconf 87' lang='lat' dir='ltr'>in</span> <span class='ocrx_word' id='word_1_191' title='bbox 1274 2874 1347 2959; x_wconf 88' lang='lat' dir='ltr'>ipso</span> <span class='ocrx_word' id='word_1_192' title='bbox 1366 2897 1416 2940; x_wconf 85' lang='lat' dir='ltr'>oo</span> 
     </span>
     <span class='ocr_line' id='line_1_25' title="bbox 240 2980 1416 3067; baseline 0.001 -22"><span class='ocrx_word' id='word_1_193' title='bbox 240 2983 308 3047; x_wconf 91' lang='lat' dir='ltr'>dice</span> <span class='ocrx_word' id='word_1_194' title='bbox 341 2987 373 3046; x_wconf 90' lang='lat' dir='ltr'>et</span> <span class='ocrx_word' id='word_1_195' title='bbox 406 2982 527 3046; x_wconf 89' lang='lat' dir='ltr'>variam</span> <span class='ocrx_word' id='word_1_196' title='bbox 559 2980 744 3067; x_wconf 88' lang='lat' dir='ltr'>lectionem,</span> <span class='ocrx_word' id='word_1_197' title='bbox 782 3003 849 3045; x_wconf 87' lang='lat' dir='ltr'>non</span> <span class='ocrx_word' id='word_1_198' title='bbox 881 3002 1020 3044; x_wconf 89' lang='lat' dir='ltr'>errorem</span> <span class='ocrx_word' id='word_1_199' title='bbox 1052 2981 1177 3045; x_wconf 85' lang='lat' dir='ltr'>librarii</span> <span class='ocrx_word' id='word_1_200' title='bbox 1209 2981 1312 3046; x_wconf 85' lang='lat' dir='ltr'>duxit.</span> <span class='ocrx_word' id='word_1_201' title='bbox 1372 2980 1416 3046; x_wconf 87' lang='lat' dir='ltr'>At</span> 
     </span>
     <span class='ocr_line' id='line_1_26' title="bbox 238 3085 1415 3175; baseline 0 -23"><span class='ocrx_word' id='word_1_202' title='bbox 238 3088 410 3154; x_wconf 90' lang='lat' dir='ltr'>lectionem</span> <span class='ocrx_word' id='word_1_203' title='bbox 430 3111 503 3153; x_wconf 88' lang='lat' dir='ltr'>vere</span> <span class='ocrx_word' id='word_1_204' title='bbox 516 3087 639 3152; x_wconf 76' lang='lat' dir='ltr'>variam</span> <span class='ocrx_word' id='word_1_205' title='bbox 654 3087 783 3152; x_wconf 78' lang='lat' dir='ltr'>exhibet</span> <span class='ocrx_word' id='word_1_206' title='bbox 798 3086 952 3173; x_wconf 86' lang='lat' dir='ltr'>Origenes</span> <span class='ocrx_word' id='word_1_207' title='bbox 968 3085 1047 3175; x_wconf 86' lang='grc'>(1.1.)</span> <span class='ocrx_word' id='word_1_208' title='bbox 1063 3087 1245 3165; x_wconf 85' lang='grc' dir='ltr'><em>ἀθανάτοις</em></span> <span class='ocrx_word' id='word_1_209' title='bbox 1260 3085 1300 3154; x_wconf 74' lang='grc' dir='ltr'>δὲ</span> <span class='ocrx_word' id='word_1_210' title='bbox 1314 3095 1415 3166; x_wconf 81' lang='grc' dir='ltr'><em>θεοῖς.</em></span> 
     </span>
     <span class='ocr_line' id='line_1_27' title="bbox 239 3192 1039 3282; baseline 0 -23"><span class='ocrx_word' id='word_1_211' title='bbox 239 3234 283 3242; x_wconf 90' lang='grc'>-</span> <span class='ocrx_word' id='word_1_212' title='bbox 306 3196 445 3260; x_wconf 84' lang='lat' dir='ltr'>Versum</span> <span class='ocrx_word' id='word_1_213' title='bbox 465 3194 507 3258; x_wconf 84' lang='lat'>63</span> <span class='ocrx_word' id='word_1_214' title='bbox 532 3217 615 3258; x_wconf 90' lang='lat' dir='ltr'>unus</span> <span class='ocrx_word' id='word_1_215' title='bbox 638 3195 748 3259; x_wconf 90' lang='lat' dir='ltr'>laudat</span> <span class='ocrx_word' id='word_1_216' title='bbox 767 3193 922 3280; x_wconf 83' lang='lat' dir='ltr'>Origenes</span> <span class='ocrx_word' id='word_1_217' title='bbox 942 3193 975 3282; x_wconf 84' lang='lat' dir='ltr'>(l.</span> <span class='ocrx_word' id='word_1_218' title='bbox 994 3192 1039 3282; x_wconf 93' lang='lat' dir='ltr'>l.).</span> 
     </span>
    </p>

    <p class='ocr_par' dir='ltr' id='par_1_11' title="bbox 239 3301 1416 3711">
     <span class='ocr_line' id='line_1_28' title="bbox 329 3301 1416 3389; baseline 0.002 -24"><span class='ocrx_word' id='word_1_219' title='bbox 329 3301 420 3377; x_wconf 84' lang='lat' dir='ltr'>Quod</span> <span class='ocrx_word' id='word_1_220' title='bbox 452 3302 487 3365; x_wconf 92' lang='lat' dir='ltr'>in</span> <span class='ocrx_word' id='word_1_221' title='bbox 519 3324 614 3365; x_wconf 86' lang='lat' dir='ltr'>versu</span> <span class='ocrx_word' id='word_1_222' title='bbox 638 3301 680 3365; x_wconf 84' lang='lat'>64</span> <span class='ocrx_word' id='word_1_223' title='bbox 713 3301 843 3365; x_wconf 86' lang='lat' dir='ltr'>exhibet</span> <span class='ocrx_word' id='word_1_224' title='bbox 871 3301 901 3365; x_wconf 88' lang='lat' dir='ltr'>D</span> <span class='ocrx_word' id='word_1_225' title='bbox 934 3303 1124 3389; x_wconf 78' lang='grc' dir='ltr'><em>διασκῆσαι,</em></span> <span class='ocrx_word' id='word_1_226' title='bbox 1153 3301 1238 3366; x_wconf 86' lang='lat' dir='ltr'>nihil</span> <span class='ocrx_word' id='word_1_227' title='bbox 1270 3307 1322 3369; x_wconf 89' lang='lat' dir='ltr'>est</span> <span class='ocrx_word' id='word_1_228' title='bbox 1352 3304 1416 3369; x_wconf 88' lang='lat' dir='ltr'>nisi</span> 
     </span>
     <span class='ocr_line' id='line_1_29' title="bbox 239 3407 1416 3496; baseline 0.004 -24"><span class='ocrx_word' id='word_1_229' title='bbox 239 3409 421 3472; x_wconf 87' lang='lat' dir='ltr'>coniectura</span> <span class='ocrx_word' id='word_1_230' title='bbox 443 3408 579 3491; x_wconf 86' lang='lat' dir='ltr'>librarii,</span> <span class='ocrx_word' id='word_1_231' title='bbox 603 3409 658 3492; x_wconf 92' lang='lat' dir='ltr'>qui</span> <span class='ocrx_word' id='word_1_232' title='bbox 682 3408 762 3471; x_wconf 89' lang='lat' dir='ltr'>illud</span> <span class='ocrx_word' id='word_1_233' title='bbox 786 3407 869 3486; x_wconf 84' lang='grc' dir='ltr'><em>ἀπαξ</em></span> <span class='ocrx_word' id='word_1_234' title='bbox 894 3407 1105 3496; x_wconf 52' lang='grc' dir='ltr'>λεγόμενονθ)</span> <span class='ocrx_word' id='word_1_235' title='bbox 1130 3409 1329 3476; x_wconf 91' lang='lat' dir='ltr'>Hesiodeum</span> <span class='ocrx_word' id='word_1_236' title='bbox 1350 3434 1416 3477; x_wconf 91' lang='lat' dir='ltr'>non</span> 
     </span>
     <span class='ocr_line' id='line_1_30' title="bbox 239 3515 1415 3604; baseline 0.004 -26"><span class='ocrx_word' id='word_1_237' title='bbox 239 3515 374 3579; x_wconf 84' lang='lat' dir='ltr'>duxerit.</span> <span class='ocrx_word' id='word_1_238' title='bbox 426 3515 520 3592; x_wconf 79' lang='lat' dir='ltr'>Quod</span> <span class='ocrx_word' id='word_1_239' title='bbox 548 3515 755 3579; x_wconf 83' lang='lat' dir='ltr'>confirmatur</span> <span class='ocrx_word' id='word_1_240' title='bbox 784 3515 1003 3599; x_wconf 83' lang='lat' dir='ltr'>disputatione</span> <span class='ocrx_word' id='word_1_241' title='bbox 1031 3515 1208 3581; x_wconf 89' lang='lat' dir='ltr'>Herodiani</span> <span class='ocrx_word' id='word_1_242' title='bbox 1234 3515 1295 3604; x_wconf 88' lang='lat' dir='ltr'>(ed.</span> <span class='ocrx_word' id='word_1_243' title='bbox 1315 3518 1415 3583; x_wconf 80' lang='lat' dir='ltr'>Lenta</span> 
     </span>
     <span class='ocr_line' id='line_1_31' title="bbox 239 3618 1415 3711; baseline 0.003 -24"><span class='ocrx_word' id='word_1_244' title='bbox 239 3621 364 3687; x_wconf 80' lang='grc' dir='ltr'>Π782.</span> <span class='ocrx_word' id='word_1_245' title='bbox 386 3621 442 3707; x_wconf 95' lang='grc'>12,</span> <span class='ocrx_word' id='word_1_246' title='bbox 472 3620 614 3686; x_wconf 78' lang='lat' dir='ltr'>Crameri</span> <span class='ocrx_word' id='word_1_247' title='bbox 637 3618 755 3685; x_wconf 84' lang='lat' dir='ltr'>Anecd.</span> <span class='ocrx_word' id='word_1_248' title='bbox 779 3620 881 3686; x_wconf 86' lang='lat' dir='ltr'>Oxou.</span> <span class='ocrx_word' id='word_1_249' title='bbox 899 3620 947 3685; x_wconf 87' lang='lat' dir='ltr'>IV</span> <span class='ocrx_word' id='word_1_250' title='bbox 967 3621 1046 3710; x_wconf 83' lang='lat'><strong>338)</strong></span> <span class='ocrx_word' id='word_1_251' title='bbox 1071 3627 1103 3686; x_wconf 89' lang='lat' dir='ltr'>et</span> <span class='ocrx_word' id='word_1_252' title='bbox 1126 3622 1283 3708; x_wconf 87' lang='lat' dir='ltr'>Hesychii</span> <span class='ocrx_word' id='word_1_253' title='bbox 1307 3625 1415 3711; x_wconf 84' lang='lat' dir='ltr'>glossa</span> 
     </span>
    </p>
   </div>
   <div class='ocr_carea' id='block_1_8' title="bbox 240 3727 1414 3820">
    <p class='ocr_par' dir='ltr' id='par_1_12' title="bbox 240 3727 1414 3820">
     <span class='ocr_line' id='line_1_32' title="bbox 240 3727 1414 3820; baseline 0.003 -25"><span class='ocrx_word' id='word_1_254' title='bbox 240 3732 449 3814; x_wconf 79' lang='grc' dir='ltr'><em>διδασκῆσαι·</em></span> <span class='ocrx_word' id='word_1_255' title='bbox 484 3727 628 3813; x_wconf 79' lang='grc' dir='ltr'><em>διδάξαι,</em></span> <span class='ocrx_word' id='word_1_256' title='bbox 662 3750 678 3791; x_wconf 91' lang='lat' dir='ltr'>e</span> <span class='ocrx_word' id='word_1_257' title='bbox 711 3728 829 3811; x_wconf 91' lang='lat' dir='ltr'>quibus</span> <span class='ocrx_word' id='word_1_258' title='bbox 862 3751 972 3793; x_wconf 89' lang='lat' dir='ltr'>omnes</span> <span class='ocrx_word' id='word_1_259' title='bbox 1005 3730 1198 3794; x_wconf 82' lang='lat' dir='ltr'>recentiores</span> <span class='ocrx_word' id='word_1_260' title='bbox 1231 3730 1414 3820; x_wconf 73' lang='lat' dir='ltr'>pendent.)</span> 
     </span>
    </p>
   </div>
   <div class='ocr_carea' id='block_1_9' title="bbox 239 3920 1414 4436">
    <p class='ocr_par' dir='ltr' id='par_1_13' title="bbox 239 3920 1414 4085">
     <span class='ocr_line' id='line_1_33' title="bbox 328 3920 1414 3992; baseline 0.005 -17"><span class='ocrx_word' id='word_1_261' title='bbox 328 3927 354 3992; x_wconf 88' lang='lat'>1)</span> <span class='ocrx_word' id='word_1_262' title='bbox 372 3923 448 3992; x_wconf 81' lang='lat' dir='ltr'>Non,</span> <span class='ocrx_word' id='word_1_263' title='bbox 470 3925 503 3976; x_wconf 94' lang='lat' dir='ltr'>ut</span> <span class='ocrx_word' id='word_1_264' title='bbox 520 3921 653 3976; x_wconf 86' lang='lat' dir='ltr'>Flachius</span> <span class='ocrx_word' id='word_1_265' title='bbox 672 3921 702 3975; x_wconf 88' lang='lat' dir='ltr'>in</span> <span class='ocrx_word' id='word_1_266' title='bbox 721 3920 788 3976; x_wconf 87' lang='lat' dir='ltr'>edit.</span> <span class='ocrx_word' id='word_1_267' title='bbox 809 3921 1023 3992; x_wconf 81' lang='lat' dir='ltr'>Goettlingiana</span> <span class='ocrx_word' id='word_1_268' title='bbox 1040 3924 1137 3977; x_wconf 89' lang='lat' dir='ltr'>monet</span> <span class='ocrx_word' id='word_1_269' title='bbox 1154 3922 1298 3980; x_wconf 88' lang='lat' dir='ltr'>immerito</span> <span class='ocrx_word' id='word_1_270' title='bbox 1318 3929 1414 3982; x_wconf 88' lang='lat' dir='ltr'>contra</span> 
     </span>
     <span class='ocr_line' id='line_1_34' title="bbox 239 4009 1412 4085; baseline 0.005 -22"><span class='ocrx_word' id='word_1_271' title='bbox 239 4010 409 4079; x_wconf 80' lang='lat' dir='ltr'>Kinkelium,</span> <span class='ocrx_word' id='word_1_272' title='bbox 428 4011 586 4074; x_wconf 81' lang='grc' dir='ltr'><em>ἀθανάτοις</em></span> <span class='ocrx_word' id='word_1_273' title='bbox 604 4009 635 4065; x_wconf 78' lang='grc' dir='ltr'>δὲ</span> <span class='ocrx_word' id='word_1_274' title='bbox 655 4016 742 4075; x_wconf 82' lang='grc' dir='ltr'><em>θεοῖς.</em></span> <span class='ocrx_word' id='word_1_275' title='bbox 780 4011 853 4066; x_wconf 89' lang='lat' dir='ltr'>Vide</span> <span class='ocrx_word' id='word_1_276' title='bbox 872 4011 1026 4066; x_wconf 86' lang='lat' dir='ltr'>Rzachium</span> <span class='ocrx_word' id='word_1_277' title='bbox 1045 4011 1139 4081; x_wconf 84' lang='lat' dir='ltr'>Symb.</span> <span class='ocrx_word' id='word_1_278' title='bbox 1158 4011 1292 4083; x_wconf 83' lang='lat' dir='ltr'>Pragens.</span> <span class='ocrx_word' id='word_1_279' title='bbox 1312 4033 1338 4085; x_wconf 89' lang='lat' dir='ltr'>p.</span> <span class='ocrx_word' id='word_1_280' title='bbox 1355 4021 1412 4070; x_wconf 78' lang='lat'><strong>175.</strong></span> 
     </span>
    </p>

    <p class='ocr_par' dir='ltr' id='par_1_14' title="bbox 239 4100 1412 4259">
     <span class='ocr_line' id='line_1_35' title="bbox 329 4100 1412 4171; baseline 0.007 -19.113"><span class='ocrx_word' id='word_1_281' title='bbox 329 4100 415 4169; x_wconf 78' lang='lat' dir='ltr'>2)De</span> <span class='ocrx_word' id='word_1_282' title='bbox 433 4100 494 4155; x_wconf 92' lang='lat' dir='ltr'>loco</span> <span class='ocrx_word' id='word_1_283' title='bbox 513 4102 573 4155; x_wconf 91' lang='lat' dir='ltr'>toto</span> <span class='ocrx_word' id='word_1_284' title='bbox 593 4101 719 4155; x_wconf 86' lang='lat' dir='ltr'>conferas</span> <span class='ocrx_word' id='word_1_285' title='bbox 743 4101 897 4156; x_wconf 84' lang='lat' dir='ltr'>Rzachium</span> <span class='ocrx_word' id='word_1_286' title='bbox 916 4101 1010 4171; x_wconf 83' lang='lat' dir='ltr'><strong>Symb.</strong></span> <span class='ocrx_word' id='word_1_287' title='bbox 1029 4101 1111 4171; x_wconf 88' lang='lat' dir='ltr'>Prag.</span> <span class='ocrx_word' id='word_1_288' title='bbox 1125 4100 1144 4156; x_wconf 95' lang='lat' dir='ltr'>l.</span> <span class='ocrx_word' id='word_1_289' title='bbox 1159 4101 1178 4158; x_wconf 92' lang='lat' dir='ltr'>l.</span> <span class='ocrx_word' id='word_1_290' title='bbox 1198 4105 1228 4157; x_wconf 93' lang='lat' dir='ltr'>et</span> <span class='ocrx_word' id='word_1_291' title='bbox 1247 4105 1325 4159; x_wconf 86' lang='lat' dir='ltr'>serta</span> <span class='ocrx_word' id='word_1_292' title='bbox 1342 4104 1412 4159; x_wconf 87' lang='lat' dir='ltr'>Har·</span> 
     </span>
     <span class='ocr_line' id='line_1_36' title="bbox 239 4188 466 4259; baseline -0.009 -16"><span class='ocrx_word' id='word_1_293' title='bbox 239 4188 346 4243; x_wconf 88' lang='lat' dir='ltr'>teliana</span> <span class='ocrx_word' id='word_1_294' title='bbox 364 4208 390 4259; x_wconf 87' lang='lat' dir='ltr'><strong>p</strong></span> <span class='ocrx_word' id='word_1_295' title='bbox 406 4195 466 4244; x_wconf 89' lang='grc'>216</span> 
     </span>
    </p>

    <p class='ocr_par' dir='ltr' id='par_1_15' title="bbox 240 4278 1412 4436">
     <span class='ocr_line' id='line_1_37' title="bbox 329 4278 1412 4353; baseline 0.006 -23.09"><span class='ocrx_word' id='word_1_296' title='bbox 329 4278 441 4346; x_wconf 86' lang='lat' dir='ltr'>)Inv</span> <span class='ocrx_word' id='word_1_297' title='bbox 453 4283 503 4331; x_wconf 84' lang='lat'>144</span> <span class='ocrx_word' id='word_1_298' title='bbox 513 4278 649 4347; x_wconf 82' lang='lat' dir='ltr'>hymnnn</span> <span class='ocrx_word' id='word_1_299' title='bbox 659 4279 786 4334; x_wconf 82' lang='lat' dir='ltr'>Cererem</span> <span class='ocrx_word' id='word_1_300' title='bbox 795 4279 901 4349; x_wconf 85' lang='lat' dir='ltr'>leg1tur</span> <span class='ocrx_word' id='word_1_301' title='bbox 914 4278 1412 4353; x_wconf 68' lang='grc' dir='ltr'><strong>θιοιιιια1ιιιανοιιιι,διδιδάσκῃσε</strong></span> 
     </span>
     <span class='ocr_line' id='line_1_38' title="bbox 240 4365 639 4436; baseline 0.003 -16"><span class='ocrx_word' id='word_1_302' title='bbox 240 4370 283 4420; x_wconf 88' lang='lat' dir='ltr'>cst</span> <span class='ocrx_word' id='word_1_303' title='bbox 302 4368 377 4436; x_wconf 90' lang='lat' dir='ltr'>apud</span> <span class='ocrx_word' id='word_1_304' title='bbox 395 4366 475 4420; x_wconf 91' lang='lat' dir='ltr'>Pind.</span> <span class='ocrx_word' id='word_1_305' title='bbox 495 4365 524 4422; x_wconf 94' lang='lat' dir='ltr'>P</span> <span class='ocrx_word' id='word_1_306' title='bbox 540 4373 564 4436; x_wconf 85' lang='lat'>4,</span> <span class='ocrx_word' id='word_1_307' title='bbox 580 4374 639 4422; x_wconf 86' lang='grc'>217.</span> 
     </span>
    </p>
   </div>
   <div class='ocr_carea' id='block_1_10' title="bbox 329 4455 1411 4529">
    <p class='ocr_par' dir='ltr' id='par_1_16' title="bbox 329 4455 1411 4529">
     <span class='ocr_line' id='line_1_39' title="bbox 329 4455 1411 4529; baseline 0.004 -21"><span class='ocrx_word' id='word_1_308' title='bbox 329 4458 355 4521; x_wconf 90' lang='grc'>4)</span> <span class='ocrx_word' id='word_1_309' title='bbox 374 4455 466 4524; x_wconf 80' lang='lat' dir='ltr'>Etym.</span> <span class='ocrx_word' id='word_1_310' title='bbox 485 4456 660 4528; x_wconf 82' lang='lat' dir='ltr'>Magnump.</span> <span class='ocrx_word' id='word_1_311' title='bbox 677 4464 736 4512; x_wconf 88' lang='grc'>231.</span> <span class='ocrx_word' id='word_1_312' title='bbox 752 4465 795 4527; x_wconf 89' lang='grc'>40,</span> <span class='ocrx_word' id='word_1_313' title='bbox 810 4464 870 4513; x_wconf 82' lang='grc'>272</span> <span class='ocrx_word' id='word_1_314' title='bbox 886 4464 915 4512; x_wconf 86' lang='grc'>8·</span> <span class='ocrx_word' id='word_1_315' title='bbox 909 4458 1026 4527; x_wconf 80' lang='lat' dir='ltr'>,.Etym</span> <span class='ocrx_word' id='word_1_316' title='bbox 1042 4457 1278 4514; x_wconf 82' lang='lat' dir='ltr'>Gudianum145.</span> <span class='ocrx_word' id='word_1_317' title='bbox 1294 4465 1340 4529; x_wconf 83' lang='lat'>333</span> <span class='ocrx_word' id='word_1_318' title='bbox 1359 4459 1411 4514; x_wconf 81' lang='lat' dir='ltr'>Eu·</span> 
     </span>
    </p>
   </div>
   <div class='ocr_carea' id='block_1_11' title="bbox 0 0 1496 4980">
    <p class='ocr_par' dir='ltr' id='par_1_17' title="bbox 0 0 1496 4980">
     <span class='ocr_line' id='line_1_40' title="bbox 0 0 1496 4980; baseline 0 0"><span class='ocrx_word' id='word_1_319' title='bbox 0 0 1496 4980; x_wconf 95' lang='lat' dir='ltr'> </span> 
     </span>
    </p>
   </div>
  </div>
 </body>
</html>
