2970 4980
339 300 502 356 Plutarchei
520 302 558 356 ad
577 301 668 372 Opera
687 301 882 357 commentarii
899 301 1067 373 fragmenta.
1227 305 1290 370 103

119 485 200 547 quae
227 468 276 528 eet
303 465 339 529 in
370 487 512 550 praecep.
536 466 617 530 bene
640 465 766 551 gerend.
790 467 927 550 reipubl
950 490 979 551 p.
1001 468 1088 533 8246
1111 465 1173 555 (ed.
1197 469 1290 536 Bern.

117 569 148 635 V
169 570 247 660 125)
274 610 311 619 -
337 572 468 656 Excipit
493 572 651 637 scholium
669 596 699 656 p.
715 573 788 658 187,
809 573 850 636 19
870 573 956 639 adv.
976 575 1041 638 270
1056 573 1101 661 (5,
1115 598 1144 659 p.
1158 576 1221 640 768
1232 575 1291 662 W.‚

116 678 147 764 5,
157 702 187 762 p.
198 677 295 764 210,
308 679 346 744 fr.
358 677 469 767 17Β.),
486 680 571 744 unde
589 679 741 744 discimus
761 703 834 744 eum
853 680 1020 745 sustulisse
1035 685 1157 764 septem
1170 705 1290 749 versus.

117 783 241 860 Quibus
272 786 381 851 eiectis
404 808 476 850 cum
499 786 603 850 filium
625 786 717 850 illum
741 786 913 872 exegisset,
936 787 1038 851 nihilo
1062 788 1168 854 minus
1192 789 1230 854 de
1253 813 1290 856 eo

115 892 192 957 fecit
224 892 334 958 verba:
369 915 445 958 nam
475 897 552 958 sunt
579 893 648 958 eius
676 894 789 977 procul
816 894 914 959 dubio
942 918 972 978 p.
999 896 1076 982 188,
1097 896 1138 960 10
1148 918 1217 981 sqq.
1248 935 1289 943 -

115 997 280 1064 Accedunt
299 1021 338 1064 cx
356 1000 494 1065 historia
512 1022 620 1065 rerum
638 1001 741 1084 petita
760 1000 905 1084 exempla
923 1001 963 1065 ad
981 1024 1009 1066 v.
1027 1003 1092 1068 280
1111 1025 1140 1086 p.
1159 1003 1291 1088 19315,

116 1106 203 1191 quod
235 1107 338 1172 elucet
370 1131 409 1172 ex
441 1107 521 1191 ipsis
551 1107 658 1171 verbis
690 1106 837 1194 Pretiae,
869 1131 887 1172 a
919 1130 983 1193 quo
1014 1107 1093 1173 haec
1123 1108 1291 1175 Procliena

115 1213 211 1278 nobis
235 1218 312 1278 sunt
335 1217 471 1299 servata,
493 1214 612 1298 quique
636 1213 788 1297 exemplis
811 1214 877 1278 illis
897 1236 930 1278 se
949 1214 1055 1297 ipsum
1073 1216 1227 1281 adiunxit.
1246 1257 1289 1264 -

115 1320 245 1385 Morum
263 1321 422 1385 rationem
439 1321 555 1385 habuit
568 1320 760 1385 Plutarchus
780 1320 815 1384 in
832 1344 860 1385 v.
876 1321 941 1386 286
961 1321 1147 1405 explicando
1166 1346 1193 1407 p,
1212 1325 1289 1390 196:

114 1427 233 1492 iterum
262 1427 395 1492 summis
422 1427 572 1492 laudibus
600 1426 778 1491 Hesiodum
806 1428 898 1492 effert
926 1431 959 1492 et
985 1427 1132 1494 Platonis
1163 1430 1289 1520 dictisl)
1324 1490 1326 1494 .

113 1535 226 1599 utitur.
276 1533 408 1600 Accedit
437 1535 608 1619 explicatio
638 1534 787 1599 vocabuli
811 1535 928 1599 liuddo
950 1557 980 1618 p.
1001 1535 1144 1619 197,10.
1189 1535 1289 1603 Utro-

114 1662 176 1725 que
208 1641 279 1707 loco
314 1643 459 1707 additum
481 1647 530 1706 est
551 1663 669 1706 nomen
688 1638 733 1728 (5,
751 1664 781 1725 p.
803 1640 865 1707 768
880 1640 942 1726 77,
956 1640 987 1728 5,
1005 1664 1035 1725 p.
1055 1642 1097 1707 22
1111 1640 1160 1728 0.,
1178 1644 1216 1709 fr.
1238 1646 1288 1730 19,

114 1749 158 1813 20
175 1746 235 1836 Β.)
282 1746 347 1814 Suo
376 1750 445 1814 iure
472 1750 592 1833 recepit
620 1748 732 1813 deinde
754 1747 1025 1831 Wyttenbachius
1052 1748 1083 1835 5,
1105 1772 1135 1834 6.
1156 1751 1220 1816 770
1244 1750 1289 1840 (5,

112 1878 144 1939 p.
164 1856 206 1919 22
221 1854 271 1941 0.,
293 1856 331 1920 fr.
356 1857 396 1920 21
408 1854 475 1943 Β),
498 1877 579 1940 quae
603 1855 741 1920 suntde
763 1854 891 1920 Zenone
915 1858 948 1919 et
969 1853 1139 1940 Aristippo
1163 1862 1249 1922 certe
1272 1881 1289 1923 e

111 1961 287 2028 Plutarcho
318 1963 403 2047 apud
430 1959 616 2049 Proclum.²)
666 1961 857 2026 Plutarchea
881 1966 957 2026 sunt
980 1963 1088 2049 etiam,
1118 1985 1198 2048 quae
1226 1987 1288 2029 ser-

112 2073 229 2134 vantur
263 2070 299 2134 in
329 2069 436 2134 Procli
470 2069 593 2134 scholio
627 2069 711 2153 apud
742 2068 953 2133 Eustathium
986 2069 1026 2133 ad
1057 2067 1147 2134 Iliad.
1175 2068 1289 2158 1203,

113 2174 213 2240 3-8;
240 2199 299 2240 res.
319 2176 390 2261 ipsa
418 2177 517 2241 docet.
567 2176 699 2260 Excipit
722 2175 876 2241 athetesis
899 2197 1051 2240 versuum
1079 2176 1143 2239 317
1168 2177 1287 2241 61318

112 2305 143 2367 p.
162 2284 225 2347 211
252 2281 301 2370 (5,
320 2307 350 2368 p.
371 2284 432 2349 771
453 2283 521 2368 77,
543 2283 578 2367 5,
591 2306 622 2367 p.
642 2283 685 2346 22
699 2281 752 2367 0.,
775 2283 813 2347 fr.
833 2282 877 2346 24
888 2279 948 2369 Β.)
1000 2280 1229 2368 Subiungenda
1251 2288 1288 2348 ut

112 2390 304 2455 Plutarchea
327 2395 402 2455 sunt
424 2390 581 2455 historica
604 2389 749 2474 exempla
772 2390 813 2453 ad
830 2412 858 2453 v.
875 2389 939 2455 336
958 2411 988 2472 p.
1008 2389 1083 2474 218,
1102 2386 1153 2476 (fr.
1174 2390 1216 2454 26
1226 2388 1289 2476 0.),

113 2498 305 2583 quibuscum
332 2520 504 2582 componas
533 2497 614 2562 alios
643 2496 798 2581 quosdam
821 2496 909 2560 locos
933 2493 1135 2584 Plutarchi.³)
1161 2535 1201 2542 —
1224 2495 1288 2561 Ad·

112 2607 189 2670 sunt
226 2609 334 2670 autem
370 2605 515 2689 exempla
546 2604 701 2669 historica
729 2604 859 2668 laudato
891 2603 1020 2668 nomine
1049 2603 1214 2668 Plutarchi
1248 2605 1287 2669 ad

111 2735 140 2777 v.
161 2712 225 2777 346
248 2734 278 2796 p.
299 2711 378 2800 225,
396 2715 432 2798 6,
458 2710 507 2798 (5,
530 2734 560 2795 p.
585 2711 649 2776 773
668 2710 735 2797 77,
763 2710 798 2797 5,
820 2733 850 2795 p.
871 2708 983 2795 230,
1001 2710 1039 2774 fr.
1059 2708 1178 2798 29Β.),
1206 2733 1288 2795 quae

112 2841 211 2902 supra
237 2819 301 2884 iam
329 2819 512 2883 monuimus
536 2817 756 2882 emendatione
780 2838 872 2903 egere
897 2815 949 2904 (cf.
974 2816 1011 2881 de
1035 2817 1178 2881 audiend.
1202 2821 1286 2901 poet.

110 2947 142 3010 p.
167 2925 211 2989 34
220 2925 266 3013 b).
315 2924 382 3010 Ipsi
413 2924 525 2989 deinde
552 2923 722 3011 tribuitur,
750 2925 835 3008 quod
864 2924 1009 2988 delentur
1027 2945 1139 2988 versus
1163 2922 1227 2987 353
1239 2946 1285 3008 sq.

110 3056 141 3117 p.
153 3032 217 3097 228
233 3037 265 3097 61
280 3032 480 3117 explicantur
493 3030 650 3096 vocabula
670 3033 776 3114 δώτης
795 3035 827 3095 61
845 3031 974 3114 ocozat-
992 3054 1021 3115 p.
1033 3031 1097 3096 229
1117 3027 1286 3117 (11.14,15

44 3187 46 3191 ,
111 3138 143 3224 5,
161 3163 191 3224 p.
204 3140 266 3204 773
283 3138 343 3224 77,
362 3137 393 3225 5,
407 3161 438 3222 p.
449 3139 491 3203 23
501 3136 550 3222 D.‚
569 3137 607 3202 fr.
619 3138 660 3201 31
672 3141 704 3201 et
717 3137 760 3201 32
770 3136 830 3224 Β.)
867 3135 920 3201 Ad
933 3160 962 3202 v.
973 3138 1037 3202 368
1052 3136 1136 3202 nihil
1148 3137 1182 3201 in
1197 3137 1286 3202 scho-

110 3245 182 3310 liis:
205 3245 308 3310 discas
330 3244 496 3310 Plutarchi
520 3245 713 3310 sententiam
736 3266 776 3308 ex
799 3245 921 3309 conviv.
946 3248 1067 3329 quaest.
1090 3268 1120 3328 p.
1142 3244 1231 3308 7016
1253 3247 1286 3310 61
1319 3273 1321 3280 ·

110 3352 167 3418 vit.
193 3351 283 3418 Galb.
303 3374 327 3417 c.
349 3352 399 3416 16.
449 3350 480 3415 A
508 3351 709 3436 quorundam
736 3352 1019 3437 grammaticorum
1050 3350 1212 3436 obloquiis
1236 3350 1286 3414 de·

55 3476 59 3482 ’
108 3459 286 3525 tenduntur
299 3481 410 3524 versus
425 3459 491 3522 370
501 3482 547 3544 sq.
566 3483 596 3543 p.
607 3458 673 3522 230
684 3457 728 3546 (5,
738 3481 767 3542 p.
778 3458 842 3521 774
851 3457 914 3546 77,
932 3457 964 3546 5,
972 3482 1001 3542 p.
1013 3456 1055 3522 23
1065 3455 1114 3543 D.‚
1123 3459 1160 3522 fr.
1172 3456 1285 3545 330),

108 3567 148 3632 cf.
175 3566 212 3631 de
234 3566 290 3631 vit.
314 3566 387 3651 pud.
410 3589 440 3650 p.
460 3564 555 3631 5536.

200 3690 299 3757 Recte
319 3690 433 3756 deinde
453 3690 517 3755 huc
539 3691 701 3755 revocavit
719 3690 990 3774 Wyttenbachius
1009 3691 1194 3771 comparato
1213 3688 1284 3753 loco

107 3800 149 3864 de
168 3797 249 3882 prof.
272 3798 307 3863 in
329 3797 402 3862 virt.
426 3819 456 3880 p.
477 3796 542 3861 856
562 3795 614 3884 (cf.
634 3797 672 3861 de
690 3798 776 3861 educ.
795 3797 885 3862 liber.
904 3817 934 3879 p.
954 3792 1014 3882 9e)
1037 3795 1094 3858 illa
1118 3794 1157 3860 ad
1175 3817 1203 3859 v.
1219 3795 1282 3860 361

203 4081 229 4150 1)
248 4077 288 4135 cf.
307 4078 435 4134 Platonis
454 4079 542 4150 Leges
556 4079 582 4133 V
596 4097 623 4149 p.
640 4085 719 4135 7316.

201 4170 228 4238 2)
247 4167 287 4223 cf.
307 4167 388 4238 Diog.
406 4169 499 4224 Laert.
518 4168 570 4223 VH
590 4174 614 4238 1,
633 4174 666 4222 21
686 4168 732 4238 ((16
751 4167 879 4237 Zenone).

201 4259 228 4328 3)
247 4257 324 4313 06111.
344 4256 489 4312 Plutarchi
506 4257 712 4328 Apophthegm.
731 4257 833 4312 Lacon.
848 4276 875 4328 p.
890 4262 972 4327 2286,
990 4256 1059 4311 7116
1073 4257 1192 4326 Lycurg.
1207 4272 1230 4310 c.
1241 4261 1284 4325 19,

104 4349 258 4421 praeterea
274 4346 481 4417 'Apophthegm
496 4365 523 4416 p.
540 4346 615 4400 1121)
634 4346 682 4417 (ad
700 4361 784 4415 quem
796 4345 890 4400 locum
903 4344 1140 4416 Wyttenbaehius
1157 4343 1218 4415 ipse
1232 4343 1283 4398 im-

102 4435 221 4511 probat,
241 4435 317 4505 quod
334 4436 389 4491 hoc
406 4434 596 4506 fragmentum
613 4433 820 4506 praetermisit).
