2970 4980
368 325 409 380 De
428 325 613 382 Choerobosci
632 328 825 383 commentarii
844 329 976 385 fontibus.
1196 331 1260 396 115

85 487 178 574 festa,
201 487 305 572 ipsius
328 487 429 553 libros
448 511 520 554 eum
539 490 656 555 adiisse
675 491 865 556 credendum
884 496 940 557 est.
979 489 1082 577 Supra
1099 495 1164 559 iam
1182 495 1259 559 vidi-

86 615 158 659 mus
183 595 224 659 ab
248 616 285 659 eo
308 596 406 661 etiam
429 594 559 662 Orionis
582 597 719 662 lexicum
742 598 923 663 adhibitum
946 599 1044 665 fuisse
1068 602 1260 684 quibusdam

84 700 180 787 locis3
212 702 330 787 quibus
358 703 444 787 quod
470 704 551 768 alios
580 704 693 768 addere
719 727 785 770 non
811 705 901 790 licet,
933 707 1019 771 haud
1046 708 1111 772 scio
1139 730 1180 772 an
1203 708 1260 772 cri-

85 809 165 873 mini
193 809 237 874 sit
265 809 405 874 dandum
432 811 681 894 excerptoribus.
735 811 907 877 Theodosii
935 814 1111 879 canonibus
1139 819 1171 879 et
1203 837 1261 879 sua

86 916 188 1000 ipsius
211 917 365 1002 doctrina,
388 940 485 1002 quam
507 918 542 982 in
565 917 696 982 scholiis
719 918 760 982 ad
778 917 950 983 Theodosii
968 919 1089 984 librum
1107 919 1262 1006 exhibuit,

87 1023 115 1087 si
153 1023 309 1088 hodierna
345 1028 494 1108 excerpta
529 1024 731 1108 inspicimus,
770 1046 837 1089 non
872 1047 965 1109 saepe
1001 1027 1166 1111 utebatur3
1207 1027 1262 1091 sed

87 1129 192 1195 denuo
220 1131 421 1218 ambiguum,
453 1130 537 1194 sitne
564 1130 730 1195 habendus
762 1153 830 1195 eam
861 1132 902 1195 ob
931 1153 1059 1197 causam
1081 1132 1261 1198 Hesiodeus

86 1237 335 1302 commentarius
359 1241 434 1301 ante
457 1237 579 1302 scholia
602 1238 754 1329 canonica
776 1238 987 1324 conscriptus,
1010 1240 1147 1304 01111001
1166 1240 1261 1305 eiece-

86 1343 164 1425 rint,
186 1343 221 1406 id
238 1344 325 1428 quod
343 1344 494 1409 facillime
513 1344 638 1409 evenire
657 1344 775 1430 potuit,
794 1349 995 1429 excerptores
1014 1346 1093 1410 talia
1111 1347 1261 1411 omnibus

86 1449 152 1513 fere
170 1449 258 1515 locis.
291 1449 376 1515 Nam
394 1451 456 1515 hoc
474 1473 541 1517 non
559 1451 701 1535 dubium,
715 1451 794 1535 quin
812 1451 932 1517 talibus
946 1453 1042 1517 rebus
1057 1453 1261 1537 excerpendis

86 1577 253 1641 nunquam
276 1556 325 1621 illi
349 1557 497 1623 delectati
521 1558 594 1623 sint.
1173 1551 1176 1557 ¹

175 1661 285 1728 Rebus
304 1664 406 1749 igitur
428 1665 648 1751 grammaticis
673 1688 711 1729 ex
735 1665 853 1730 eisdem
876 1666 1030 1750 fontibus,
1054 1688 1134 1750 quos
1157 1667 1190 1730 in
1215 1687 1261 1730 ce-

86 1769 165 1833 teris
197 1791 325 1855 quoque
357 1773 509 1856 operibus
542 1773 720 1856 exscriptos
748 1772 907 1859 videmus,
934 1772 1060 1837 haustis
1088 1773 1263 1858 quaeritur,

88 1875 172 1940 unde
200 1897 281 1960 quae
304 1877 473 1962 adipsum
496 1878 675 1943 Hesiodum
697 1879 893 1965 pertineant,
919 1879 1077 1964 originem
1104 1879 1262 1959 duxerint,

87 1982 158 2046 dico
186 1983 227 2047 ad
252 1988 380 2049 textum
406 1985 603 2050 Hesiodeum
631 1985 892 2050 constituendum
919 1985 970 2049 vel
998 1985 1038 2050 ad
1061 1985 1263 2069 explicandas

88 2090 265 2154 sententias
287 2090 461 2156 lectionum
487 2092 669 2176 varietates,
688 2093 895 2175 coniecturas,
914 2092 1138 2157 adnotationes
1153 2092 1262 2157 doctas

87 2218 199 2261 eorum
234 2199 532 2284 grammaticorum,
565 2199 621 2283 qui
645 2199 843 2283 antiquiores
872 2202 904 2262 et
932 2199 1150 2282 antiquissimi
1179 2203 1264 2285 sunt,

88 2325 290 2389 quorumque
313 2305 445 2369 nomina
468 2310 524 2370 aut
547 2309 614 2370 tam
638 2310 707 2370 arte
725 2306 896 2370 coniuncta
915 2309 991 2369 sunt
1010 2327 1083 2370 cum
1101 2304 1261 2370 Hesiodeo

86 2410 228 2475 carmine
252 2411 504 2496 interpretando,
526 2416 563 2476 ut
586 2412 649 2476 nisi
673 2434 711 2476 ex
734 2411 827 2475 libris
849 2411 911 2476 hoc
934 2411 1006 2495 ipso
1030 2411 1166 2475 consilio
1190 2432 1262 2475 con-

87 2513 219 2599 scriptis
237 2518 338 2600 repeti
356 2539 423 2582 non
440 2518 607 2601 potuerint
629 2522 684 2582 aut
698 2519 733 2582 in
747 2518 861 2582 ceteris
876 2516 1093 2583 Choerobosci
1112 2518 1264 2602 operibus

88 2644 224 2706 prorsus
253 2623 377 2688 desunt.
439 2622 582 2700 Quorum
609 2646 681 2688 cum
712 2625 846 2708 quisque
878 2624 929 2688 bis
961 2628 1050 2688 terve
1081 2627 1265 2689 nominetur

86 2749 192 2812 neque
210 2730 253 2794 sit
271 2729 422 2794 credibile
441 2730 652 2813 permultis
673 2730 745 2795 aliis
764 2731 844 2796 locis
863 2753 975 2795 eorum
992 2731 1124 2795 nomina
1142 2732 1264 2815 perisse

86 2840 311 2919 excerptorum
325 2836 538 2922 neglegentia,
555 2836 594 2901 fit
610 2838 678 2901 veri
697 2837 897 2901 simillimum
915 2859 1026 2901 eorum
1042 2837 1162 2921 scripta
1180 2838 1191 2900 1
1196 2859 1264 2921 psa
1311 2847 1323 2857 ’

86 2962 165 3006 non
181 2942 299 3027 legisse
318 2940 588 3028 (lhoeroboscum,
607 2965 718 3008 verum
736 2966 801 3009 uno
821 2944 959 3028 quodam
973 2967 990 3008 e
1004 2943 1094 3007 fonte
1109 2941 1264 3027 hausisse,

86 3047 147 3112 ubi
166 3049 272 3113 omnia
290 3048 369 3114 haec
385 3055 477 3115 erant
498 3049 632 3114 collecta
644 3088 681 3096 -
700 3050 821 3115 scholia
839 3051 908 3114 dico
929 3049 1156 3113 vetustissima.
1201 3048 1263 3112 His

86 3155 192 3241 igitur
204 3156 239 3220 id
251 3178 352 3242 genus
368 3157 484 3243 0111010,
498 3178 579 3240 quae
593 3156 688 3220 modo
703 3155 779 3242 dixi,
798 3156 953 3220 debentur
967 3159 1093 3240 praeter
1107 3176 1264 3240 gramma-

86 3261 170 3326 ticas
185 3262 425 3348 explicationes3
440 3285 522 3347 quae
536 3263 597 3327 etsi
612 3261 1264 3349 111010011000101110,Ϊο000001010000110

87 3372 181 3432 erant
194 3356 297 3454 neque
312 3373 378 3434 tam
394 3370 542 3453 copiosae
557 3392 653 3454 quam
669 3391 750 3454 quae
760 3366 984 3434 Ohoerobosco
998 3392 1058 3453 pro
1071 3369 1139 3433 eius
1148 3370 1264 3453 peritia

87 3477 122 3538 01
142 3474 309 3560 diligentia
327 3499 366 3540 ex
385 3475 458 3541 aliis
477 3476 622 3540 fontibus
643 3498 740 3559 supra
759 3476 957 3540 adumbratis
976 3480 1068 3541 erant
1086 3481 1223 3560 praesto.

179 3579 332 3647 Laudatis
356 3587 478 3668 autem,
503 3583 558 3666 qui
582 3603 697 3667 agmen
720 3604 840 3668 eorum,
863 3583 918 3667 qui
943 3583 1092 3667 citantur,
1115 3582 1264 3646 claudant

87 3686 253 3753 Herennio
263 3687 400 3755 Philone
409 3688 452 3777 (r.
464 3712 559 3774 supra
569 3712 599 3773 p.
612 3686 701 3776 113),
710 3687 866 3754 Alexione
877 3687 920 3776 (p.
932 3690 974 3754 99
983 3686 1076 3774 not),
1089 3686 1263 3772 Apollonio

87 3793 249 3859 Archibiu
272 3793 395 3882 (Etym.
419 3794 526 3881 Magn.
545 3819 575 3879 p.
591 3796 643 3881 32,
659 3793 725 3882 12),
744 3817 882 3879 quorum
900 3795 1031 3859 nomina
1049 3794 1129 3879 quin
1147 3817 1185 3859 ex
1203 3794 1265 3858 hoc

85 3903 180 3966 fonte
203 3903 357 3986 receperit
381 3901 625 3968 Choeroboscus
648 3924 742 3967 nemo
761 3901 965 3986 dubitaverit,
984 3900 1172 3966 concludere
1189 3901 1264 3967 lieet

85 4009 169 4074 haec
182 4009 403 4074 vetustissima
421 4009 543 4075 scholia
562 4009 688 4074 saeculo
702 4032 732 4093 p.
747 4008 821 4074 Ohr.
835 4030 865 4072 n.
881 4008 982 4073 altero
998 4012 1182 4092 comparata
1196 4030 1265 4072 esse

85 4116 203 4181 eodem
230 4116 296 4180 fere
322 4120 481 4202 tempore,
509 4139 573 4201 quo
600 4115 780 4200 composita
809 4120 884 4178 sunt
907 4115 1126 4180 vetustissima
1145 4115 1266 4180 scholia

85 4220 342 4310 Theogoniae,1)
370 4222 472 4288 altera
499 4223 658 4288 sententia
685 4222 819 4286 alteram
842 4223 1080 4305 comprobante.
1126 4220 1265 4304 Tempus

159 4368 306 4376 —-.—.-.

182 4454 209 4526 1)
226 4451 322 4520 Flach
342 4451 431 4507 Gloss.
446 4470 473 4507 0.
493 4451 585 4507 Schol.
605 4454 657 4506 etc.
679 4457 756 4521 1816,
774 4470 801 4522 p.
818 4457 869 4504 112
880 4468 919 4520 sq.

1015 4547 1031 4595 8
1039 4541 1053 4572 Φ
