2970 4980
314 283 357 338 De
375 282 489 338 scholiis
509 301 543 338 ex
561 283 653 339 Procli
672 286 701 340 et
714 285 824 340 Veteris
844 287 990 342 comment.
1008 286 1163 359 exscriptis.
1282 289 1324 353 39

154 447 280 534 legisse.
313 444 434 512 Contra
448 447 608 513 affirmare
621 449 696 513 licet
711 471 821 514 omnes
837 450 983 535 quamvis
997 450 1101 515 multo
1116 451 1325 540 plenioribus,

154 558 263 620 tamen
289 558 512 638 excerptorum
540 556 783 621 collectionibus
816 579 891 621 usos
919 578 987 622 esse
1014 558 1054 621 ad
1080 558 1324 624 similitudinem

153 665 342 727 nostrorum
378 661 574 745 compositis.
622 661 774 728 Fortasse
806 664 841 727 in
871 663 923 729 his
956 665 1134 730 accuratius
1166 666 1324 752 disiunge·

155 770 284 855 bantur,
307 791 388 854 quae
412 769 566 856 cuiusque
583 770 769 854 interpretis
789 775 904 858 essent,
927 775 1018 836 erant
1037 772 1228 855 quibusdam
1245 772 1325 837 locis

154 876 253 940 etiam
276 877 417 940 auctoris
440 876 491 940 vel
514 880 680 941 auctorum
702 878 831 942 nomine
850 878 978 963 signata
991 918 1035 924 —-
1049 883 1157 944 tamen
1176 879 1326 946 scholia

154 987 261 1069 erant,
291 1005 358 1047 non
391 984 620 1049 commentarii.
669 982 775 1049 Huius
808 985 855 1049 rei
885 985 988 1051 multa
1019 990 1095 1050 sunt
1128 989 1324 1071 argumenta.

155 1089 247 1166 Quod
271 1089 357 1154 enim
379 1113 476 1174 supra
500 1091 627 1176 saepius
645 1092 711 1156 iam
729 1092 984 1156 demonstratum
1002 1096 1061 1179 est,
1083 1092 1230 1157 Taetzam
1248 1115 1325 1157 non·

153 1218 330 1281 numquam
352 1196 459 1262 Procli
486 1198 546 1262 sub
569 1199 698 1263 nomine
722 1221 758 1263 ea
782 1200 907 1285 afferre,
932 1221 1012 1284 quae
1035 1198 1086 1263 vel
1108 1199 1144 1263 in
1166 1200 1221 1286 eis,
1244 1222 1325 1284 quae

153 1307 293 1391 exstant,
310 1303 441 1369 scholiis
458 1305 576 1370 rectius
590 1306 820 1393 insigniuntur,
839 1307 907 1371 eius
925 1306 971 1370 rei
984 1305 1155 1370 manifesta
1170 1306 1325 1390 quaedam

154 1433 241 1475 nunc
273 1433 433 1496 apponam
465 1413 616 1497 exempla.
662 1411 713 1476 Ad
739 1436 767 1478 v.
794 1413 859 1477 304
887 1410 931 1500 (p.
955 1410 1034 1500 205)
1066 1411 1165 1477 habet
1197 1412 1324 1478 Taetna:

153 1520 385 1604 κοθούροις·
414 1521 610 1603 κακούργοις
638 1518 658 1602 ί)
682 1518 867 1606 ἀκέντροις,
895 1519 913 1603 ἢ
940 1521 1112 1605 κοτούροις
1134 1531 1204 1596 τοῖς
1226 1522 1325 1585 κότον

154 1627 289 1710 ἔχουσιν
318 1624 354 1690 ἐν
381 1636 420 1711 τῇ
444 1626 538 1712 οὐρᾷ.
583 1625 603 1709 ἢ
626 1639 696 1703 τοῖς
718 1626 862 1711 κολοβὴν
885 1628 1018 1709 ἔχουσιν
1041 1625 1146 1712 ούρδιν
1168 1623 1223 1690 καὶ
1246 1626 1324 1691 cirro-

153 1733 366 1816 κρύκιονσαν
403 1733 515 1817 αὐτόν.
566 1732 586 1815 ἢ
614 1744 684 1809 τοῖς
715 1734 920 1798 καθεύδουσι
956 1729 1011 1796 καὶ
1045 1731 1236 1818 ἐπιτηροῦσι
1264 1734 1325 1817 τὴν

154 1840 259 1925 ὥραν,
289 1840 369 1904 όταν
396 1840 433 1903 ort
453 1836 606 1923 μέλισσαι
630 1837 839 1925 ἐξέρχονται,
863 1841 919 1903 ἵνα
942 1841 1103 1915 λαθόντες
1127 1838 1264 1904 ἐσθίωσι
1287 1840 1324 1904 τὸ

153 1944 236 2031 μέλι.
287 1947 410 2035 τούτῳ
447 1942 518 2029 μὲν
554 1945 671 2022 αὐτὸς
708 1948 944 2031 Προκλόθεν
980 1943 1222 2029 κεχρημένος
1257 1951 1324 2011 κτλ.

153 2050 241 2117 Haec
273 2056 305 2116 et
338 2052 378 2116 ab
410 2052 642 2136 interpretandi
673 2053 799 2117 ratione
835 2051 1004 2117 Procliana
1042 2051 1145 2116 aliena
1177 2056 1252 2116 sunt
1293 2056 1325 2116 et

153 2163 281 2244 praeter
303 2159 451 2224 Taetnam
474 2163 600 2223 servata
624 2159 683 2223 sub
708 2161 822 2236 ἄλλως.
864 2159 947 2223 Turn
971 2159 1011 2223 ad
1031 2182 1059 2223 v.
1079 2158 1143 2225 378
1167 2156 1211 2245 (p.
1231 2155 1325 2246 239):
1380 2161 1385 2172 '

153 2268 193 2331 οί
222 2264 311 2353 περὶ
343 2269 526 2353 Πρόκλον
562 2264 616 2331 καλ
650 2264 865 2352 Ἀρίσταρχον
897 2264 950 2349 ἢ)
980 2266 1199 2349 Πλούταρχον
1232 2265 1325 2331 ἀδια-

152 2376 275 2456 νόητον
293 2376 391 2438 τοῦτό
414 2389 496 2457 φασι
514 2370 570 2437 καὶ
587 2376 750 2458 περιττόν.
789 2371 851 2454 ἐγὼ
877 2371 917 2437 δι’
937 2396 1021 2456 φημι
1045 2376 1121 2437 λίαν
1144 2375 1326 2449 καλλίστως

154 2483 241 2564 ἔχειν
265 2480 354 2545 αὐτό.
399 2479 476 2564 Ipsa
499 2478 666 2565 athetasis,
696 2479 786 2544 cuius
817 2479 882 2543 iam
905 2501 1003 2563 supra
1029 2478 1225 2543 mentionem
1252 2478 1325 2543 feci-

153 2609 235 2671 mus,
259 2608 278 2649 a
300 2589 407 2651 vetere
430 2586 606 2670 interprete
629 2586 749 2650 tradita
772 2591 820 2651 est
844 2583 918 2673 (sub
943 2587 1050 2661 ἄλλως
1071 2608 1102 2669 p.
1122 2581 1212 2671 238),
1234 2585 1324 2649 nullo

153 2698 263 2759 tamen
288 2693 397 2757 addito
422 2693 561 2757 auctoris
584 2693 721 2758 nomine.
757 2691 835 2758 Inde
853 2693 968 2757 Taetza
990 2713 1062 2756 cum
1085 2690 1243 2755 scholium
1265 2713 1324 2774 pro

152 2801 358 2888 neglegentia
390 2821 448 2863 sua
475 2798 588 2864 Proolo
621 2799 805 2886 tribuisset,
838 2821 932 2884 quem
963 2819 1030 2862 non
1061 2797 1232 2882 ignorabat
1260 2819 1325 2861 sae-

152 2909 285 2994 pissime
322 2904 531 2971 Plutarchum
567 2907 748 2991 nominare,
789 2928 924 2989 cumque
959 2908 1123 2989 praeterea
1160 2904 1325 2988 cognitum

151 3015 286 3080 haberet
311 3012 537 3079 Aristarchum
560 3035 672 3077 versus
696 3012 851 3097 quosdam
874 3012 966 3077 obelo
989 3008 1195 3098 notavissei),
1218 3012 1325 3075 omnia

153 3120 321 3187 coniunxit
349 3124 445 3203 atquc
472 3119 683 3204 perturbavit.
729 3118 799 3195 Qua
825 3120 860 3182 in
887 3141 922 3182 re
949 3118 982 3182 id
1012 3122 1061 3182 est
1089 3117 1325 3204 graussimum,

154 3251 228 3292 eum
245 3227 369 3311 Proolo,
394 3248 476 3310 quae
493 3226 600 3291 Procli
618 3248 685 3291 non
704 3230 789 3313 sunt,
808 3247 875 3290 non
892 3225 1037 3310 potuisse
1060 3225 1210 3310 tribuere,
1233 3226 1262 3289 si
1283 3226 1325 3290 le·

154 3334 255 3420 gisset
273 3333 419 3418 integros
431 3331 537 3398 Procli
556 3333 811 3398 commentarios.
847 3331 1011 3397 Addamus
1031 3333 1131 3417 plura.
1168 3331 1220 3396 Ad
1238 3355 1266 3398 v.
1281 3331 1324 3397 59

153 3438 197 3528 (p.
218 3437 276 3527 82)
295 3440 410 3504 Tzetza
427 3439 513 3514 hunc
540 3440 576 3504 in
598 3440 743 3505 modum:
766 3441 803 3505 τὸ
829 3438 884 3505 ἑὸν
907 3442 1088 3515 καλλίστας
1111 3451 1215 3504 κειται
1238 3443 1325 3523 λίαν,

152 3549 173 3632 ἡ
196 3555 256 3613 τοῦ
278 3549 464 3633 Πρόκλον
487 3543 674 3631 δὲμᾶλλον
698 3548 879 3633 διόρθωσις
902 3547 1056 3630 δακρύων
1079 3546 1192 3611 δεῖται.
1238 3544 1325 3621 Quae

154 3655 336 3740 διόρθωσις
368 3650 421 3740 (of.
453 3678 484 3739 p.
514 3650 570 3738 83)
608 3653 725 3718 veteris
761 3658 809 3718 est
845 3651 1031 3737 interpretis
1066 3650 1199 3734 eiusque
1231 3650 1323 3736 signo

153 3764 266 3826 notata
292 3759 411 3846 legitur
441 3759 624 3824 etiamnunc
651 3759 685 3824 in
713 3759 851 3825 scholiis
896 3758 948 3824 Ad
976 3782 1003 3824 v.
1027 3758 1092 3823 568
1117 3755 1163 3845 (p.
1183 3756 1247 3820 333
1263 3755 1324 3842 sq.)

154 3867 216 3932 duo
238 3870 314 3931 sunt
332 3867 461 3953 scholia,
481 3889 653 3952 quaecum
671 3867 833 3932 variorum
850 3867 1064 3950 interpretum
1084 3864 1158 3950 sint,
1176 3866 1324 3950 pugnant

154 3973 238 4039 inter
263 3995 309 4038 se:
331 3972 463 4038 Proclus
487 3996 559 4038 curn
577 3972 711 4037 Platone
735 3972 821 4056 quod
843 3975 1002 4037 maestum
1025 3972 1067 4036 sit
1091 3970 1209 4036 animal
1227 3973 1325 4055 negat

156 4102 280 4159 canere,
312 4084 404 4144 vetus
437 4080 608 4166 interpres,
636 4079 692 4162 qui
714 4077 980 4164 philosophorum
1008 4078 1145 4164 argutiis
1174 4078 1324 4163 abstinet,

245 4240 271 4308 1)
290 4239 339 4292 καὶ
357 4237 480 4307 Usener,
500 4237 533 4293 cf.
553 4256 579 4308 p.
596 4243 637 4292 79.

244 4331 271 4398 2)
291 4325 330 4382 of.
349 4345 376 4397 p.
394 4331 444 4381 157
464 4328 493 4381 et
505 4345 532 4396 p.
549 4331 600 4380 156
614 4325 730 4396 (ἄλλως),
750 4341 805 4394 quo
823 4325 886 4379 loco
900 4325 1003 4380 Taetza
1022 4326 1120 4380 eodem
1133 4322 1218 4378 modo
1232 4322 1324 4378 Procli

156 4416 248 4488 legere
267 4415 375 4472 scholia
394 4413 449 4470 sibi
467 4414 544 4471 visus
564 4417 615 4470 est.
