2970 4980
365 292 407 349 De
426 293 548 364 Operum
566 290 691 349 versibus
711 290 747 348 ab
767 291 891 362 antiquis
909 293 1041 350 laudatis.
1229 295 1295 360 225

120 458 230 522 oculos
253 457 481 522 Demosthenis
509 458 607 523 verba
635 479 673 522 ex
702 458 770 522 eius
799 479 844 523 or.
872 457 911 521 de
938 457 1021 522 falsa
1043 458 1107 544 leg.
1127 481 1157 543 p.
1176 460 1241 525 417
1257 459 1295 525 R.

119 564 354 630 Demosthenes
384 569 505 650 autem,
533 565 589 648 qui
614 564 699 629 idem
720 586 788 629 non
810 565 845 628 in
866 563 1025 653 Hesiodo,
1052 564 1107 629 sed
1129 566 1164 630 in
1186 568 1295 650 priore

120 671 176 736 illa
189 670 359 736 Aeschinis
379 673 525 737 oratione
543 671 743 756 versabatur,
759 670 846 735 haud
865 671 932 735 scio
952 693 993 735 an
1011 672 1178 736 consilio
1192 677 1296 738 traus-

119 779 266 863 posuerit
297 780 408 864 verba;
440 801 515 843 nam
547 799 613 843 non
644 779 680 842 in
712 779 872 843 sententia
901 779 1032 863 propria
1059 778 1294 844 Hesiodeorum

118 886 300 972 verborum,
323 886 379 951 sed
401 887 436 950 in
459 886 515 951 illa
538 886 609 970 ipsa
631 907 709 950 voce
731 889 876 952 πολλοί
892 908 1051 951 summam
1069 887 1174 951 inesse
1192 887 1296 951 voluit

120 1016 159 1057 ex
189 993 250 1080 eis,
279 1015 362 1077 quae
392 994 461 1078 ipse
491 992 581 1057 dixit.
629 991 794 1068 Quomodo
822 992 944 1057 factum
972 997 1036 1079 est,
1065 997 1102 1058 ut
1125 997 1238 1078 postea
1262 997 1295 1058 et

119 1099 295 1165 Aeschines
332 1104 365 1164 et
401 1099 453 1164 Ps.
485 1097 549 1164 Dio
583 1096 749 1182 Chrysost.
786 1099 821 1162 in
857 1120 902 1164 or.
936 1096 1081 1164 Corinth.
1113 1121 1143 1184 p.
1172 1100 1236 1166 467
1252 1100 1295 1165 M.

119 1205 180 1294 (ΙΙ,
203 1207 264 1273 128
278 1204 331 1295 R.)
338 1259 346 1292 ,
376 1207 432 1290 qui
460 1206 567 1271 locum
595 1210 644 1270 est
672 1206 833 1292 imitatus,
862 1206 1037 1270 scriberent
1065 1204 1140 1272 λαοὶ
1167 1210 1295 1292 πολλοί,

119 1336 222 1399 neque
245 1337 316 1378 eam
339 1313 380 1378 ob
404 1335 472 1378 rem
494 1313 665 1378 lectionem
687 1313 811 1377 variam
834 1334 894 1398 ego
918 1312 1109 1377 admiserim.
1154 1311 1296 1400 Accedit,

120 1421 208 1506 quod
236 1421 398 1485 scholiast.
421 1418 535 1485 Aesch.
559 1417 673 1505 Agam.
693 1419 757 1484 933
783 1417 826 1507 (p
846 1418 911 1484 509
926 1417 1036 1506 Dind.)
1064 1418 1145 1506 legit
1172 1424 1296 1485 rectum
1385 1426 1387 1431 '

118 1527 237 1595 πολλοὶ
260 1531 345 1595 λαοί.
386 1525 509 1613 Neque,
532 1527 566 1591 id
588 1526 676 1612 quod
698 1527 829 1612 gravius
853 1530 911 1612 est,
934 1527 1052 1591 recedit
1075 1550 1094 1590 a
1115 1526 1210 1590 libris
1233 1526 1296 1591 He-

120 1635 237 1700 siodeis
269 1635 473 1701 Andronicus
505 1633 666 1721 Rhodius,
703 1633 860 1717 siquidem
898 1634 967 1697 eius
988 1636 1054 1698 'est
1090 1633 1295 1717 paraphrasis

119 1741 308 1807 Aristotelis
327 1741 464 1806 chicae
481 1739 715 1806 Nicomacheae
739 1738 784 1827 (p.
806 1739 878 1824 159,
898 1741 938 1803 21
965 1739 1010 1804 ed.
1029 1738 1199 1828 Berolin.);
1222 1739 1295 1804 inde

119 1850 283 1935 profectus
307 1848 489 1934 suspicatus
511 1847 555 1912 sit
579 1847 652 1932 quis
677 1868 735 1911 suo
758 1847 842 1932 iure,
865 1847 915 1911 vel
937 1847 973 1910 in
994 1846 1066 1931 ipsa
1088 1846 1206 1912 Ethica
1228 1868 1295 1911 cor-

119 1961 253 2042 ruptum
275 1978 345 2021 esse
367 1959 481 2040 postea
504 1954 631 2019 demum
655 1954 800 2019 ordinem
822 1954 1001 2018 verborum.
1041 1951 1127 2018 Nam
1150 1955 1223 2018 οὔτι
1246 1977 1294 2037 γε,

120 2063 208 2148 quod
235 2062 365 2128 exhibet
388 2060 592 2127 Andronicus
615 2083 674 2145 pro
698 2062 791 2138 οὔτις
812 2061 971 2125 librorum
994 2059 1129 2125 Hesiodi
1151 2064 1184 2124 et
1206 2061 1294 2124 testi-

120 2171 312 2257 moniorum,
335 2169 506 2235 manifesto
530 2168 730 2233 demonstrat
753 2168 861 2232 omnia
882 2167 950 2232 eius
969 2166 1007 2232 de
1025 2166 1203 2232 Aristotele
1222 2167 1294 2250 ipso

120 2300 187 2342 esse
216 2277 405 2361 deprompta
432 2297 499 2340 non
522 2275 668 2358 inspecto
691 2273 834 2338 Hesiodo
858 2272 1041 2356 exemplari.
1086 2273 1180 2337 Alter
1204 2273 1292 2337 scho-

119 2386 214 2449 liasta
237 2383 395 2468 Aspasius
426 2382 467 2447 ad
495 2382 581 2447 hunc
609 2381 716 2446 locum
746 2403 847 2445 unum
875 2381 965 2457 οὔτις
995 2380 1177 2465 confirmat,
1210 2379 1295 2463 quod

120 2496 227 2557 exstat
249 2493 283 2556 in
306 2490 499 2575 quibusdam
522 2487 710 2553 Aristotelis
733 2487 827 2551 libris
851 2486 1071 2551 deterioribus.
1118 2485 1167 2549 De
1190 2489 1291 2569 φημί-

120 2598 214 2683 ξωσι,
250 2596 445 2684 φημίξουσι,
483 2599 662 2681 φημίζουσι
695 2616 797 2678 aequa
828 2597 877 2658 est
908 2593 1067 2657 librorum
1094 2592 1229 2658 Hesiodi
1260 2597 1293 2656 et

120 2706 380 2770 testimoniorum
412 2701 628 2787 perturbati03
660 2722 720 2787 ego
753 2697 919 2765 codicisO
953 2698 1008 2786 (m.
1032 2697 1094 2786 pr.)
1127 2699 1293 2784 φημίξωσι

119 2836 186 2878 non
213 2812 427 2878 dubitaverim
454 2833 526 2875 cum
553 2808 693 2873 Rzachio
718 2806 843 2895 (Symb.
866 2806 959 2892 Prag.
982 2830 1012 2890 p.
1035 2805 1113 2892 181)
1142 2806 1293 2870 omnibus

120 2920 291 3004 praeferre.

682 3113 732 3177 11.

209 3239 378 3325 Dierum,
414 3243 596 3322 postremae
632 3238 736 3322 partis
772 3235 925 3300 Hesiodei
962 3235 1129 3322 carminis,
1170 3255 1207 3299 ea
1244 3238 1294 3299 est

121 3351 254 3432 propter
277 3350 504 3432 argumentum
525 3350 652 3430 natura,
675 3348 712 3409 ut
734 3365 800 3408 non
820 3343 925 3408 solum
943 3364 1037 3406 nemo
1057 3345 1202 3406 veterum
1220 3363 1293 3426 poe-

121 3460 227 3519 tarum
246 3475 357 3519 versus
376 3452 449 3517 inde
467 3453 588 3537 petitos
608 3452 672 3516 sibi
690 3449 896 3536 proposuerit
914 3448 1099 3535 imitandos,
1123 3448 1294 3512 sedetiam

120 3582 235 3645 prosae
263 3560 419 3625 orationis
447 3563 593 3624 auctores
622 3581 754 3642 perraro
778 3579 833 3622 eos
855 3556 1064 3622 laudaverint.
1111 3554 1220 3620 Unum
1243 3556 1295 3619 vel

121 3669 258 3732 alterum
281 3667 504 3732 testimonium
526 3665 680 3730 hocloco
705 3686 910 3749 apponemus.

210 3774 349 3838 Versum
360 3774 424 3838 770
437 3772 573 3838 Hesiodi
582 3772 717 3836 Dierum
731 3794 832 3836 unum
846 3771 1021 3857 genuinum
1036 3768 1158 3833 addidit
1167 3766 1294 3832 Aristo·

121 3882 216 3946 bulus
236 3881 318 3968 aliis,
337 3903 418 3965 quos
437 3880 533 3945 finxit
552 3879 592 3944 ad
609 3878 810 3944 hebdomada
827 3876 1063 3961 celebrandam3
1087 3875 1177 3940 cuius
1197 3875 1293 3939 rerba

120 3989 292 4053 traduntur
320 3987 405 4072 apud
427 3984 581 4052 Clement.
608 3986 644 4050 in
667 3984 784 4051 Strom.
803 3984 835 4048 V
856 4007 887 4068 p.
908 3985 972 4049 713
986 3982 1032 4068 P.‚
1059 3981 1105 4046 ΙΙΙ
1125 3983 1177 4067 86,
1197 3980 1238 4045 15
1253 3980 1293 4046 D.

121 4128 163 4149 =
178 4095 313 4161 Eusebii
326 4093 437 4179 Praep.
457 4116 504 4159 ev.
517 4091 607 4178 XIII,
622 4093 664 4156 13
682 4115 714 4176 p.
728 4092 792 4157 677
803 4112 829 4178 c,
847 4089 890 4178 H,
903 4089 1073 4154 20711111.
1093 4086 1146 4177 (cf.
1160 4089 1293 4154 Valcke-

119 4201 221 4267 naerii
240 4201 400 4266 diatriben
418 4200 456 4266 de
470 4200 661 4266 Aristobulo
675 4198 793 4264 Iudaeo
807 4221 838 4282 p.
851 4199 913 4262 116
925 4220 981 4282 sq,
999 4198 1060 4262 121
1074 4193 1145 4286 sq),
1163 4200 1195 4260 et
1209 4194 1294 4280 apud

120 4309 299 4374 Eusebium
325 4309 360 4373 in
386 4330 492 4393 praep.
521 4331 567 4374 ev.
586 4306 680 4394 XIII,
700 4307 742 4370 12
771 4329 801 4390 p.
821 4304 917 4370 6671
935 4301 996 4392 (II,
1018 4303 1080 4369 194
1089 4301 1153 4388 D.).
1180 4341 1220 4349 —
1244 4302 1293 4366 De

120 4440 149 4481 v.
175 4416 239 4482 772
272 4416 307 4480 in
340 4414 555 4480 (lhoerobosci
588 4413 719 4478 scholiis
752 4414 820 4477 sine
853 4411 950 4476 dubio
984 4414 1052 4475 erat
1085 4409 1292 4494 disputatum.

173 4529 387 4582 DhnitrlJ'svit,
402 4530 480 4571 studia
494 4530 618 4572 Hoslodea.
1046 4520 1079 4568 15
