2970 4980
367 288 509 354 Quantum
526 289 655 344 noverint
673 289 783 358 antiqui
801 290 919 345 lectores
939 307 1057 345 carmen.
1282 293 1302 354 5

131 453 168 516 de
197 452 306 516 cadem
334 457 425 536 parte
453 452 489 516 in
510 475 572 516 usu
595 453 695 517 fuisse
717 453 802 518 dicas
825 454 922 518 etiam
945 452 1158 541 aaronem),
1181 477 1302 540 παραγ-

129 557 305 646 papam)
327 558 452 624 similia.
494 558 596 623 Immo
620 559 723 624 elueet
742 560 916 624 eiusmodi
934 560 1090 624 vocabula
1107 561 1196 626 nulla
1215 567 1301 627 certa
1435 631 1437 635 Α

129 666 209 751 lege,
233 665 402 731 brevitatis
427 688 531 752 eausa,
555 665 595 730 ab
618 665 690 731 aliis
709 667 816 751 aliter,
840 671 877 731 ut
899 667 1023 731 ferebat
1046 667 1179 752 occasio,
1201 669 1301 735 fuisse

130 776 292 856 usurpata.
340 771 434 837 Oerte
456 772 540 836 nihil
563 772 693 858 gravius
717 773 770 838 hic
793 773 881 838 latet.

218 877 369 944 Ceterum
384 879 482 944 simili
496 879 630 943 oonsilio
645 879 755 944 licebit
768 880 863 945 nobis
879 901 1006 964 quoque
1020 880 1107 945 hune
1122 881 1157 945 in
1170 884 1300 948 modum

129 985 280 1051 adhibere
294 986 437 1051 nomina:
456 986 660 1051 Prooemium
674 1009 702 1050 v.
720 987 837 1073 1-10,
855 988 892 1052 τὸ
907 989 954 1063 εἰς
965 985 1101 1069 Ἔριδας
1115 1011 1143 1052 v,
1161 990 1300 1077 11-41,

128 1093 292 1158 Pandorae
323 1094 434 1158 fabula
465 1117 493 1158 v.
522 1092 700 1179 42-105,
731 1092 886 1157 Aetatum
917 1093 1027 1158 fabula
1058 1117 1086 1158 v.
1116 1096 1301 1184 106-201,

128 1197 219 1275 αἶνος
242 1199 477 1285 1202-212,
499 1202 535 1264 τὸ
560 1201 607 1276 εἰς
631 1201 728 1283 δίκην
745 1198 800 1265 καὶ
820 1201 941 1285 ἀρετήν
958 1223 987 1265 v.
1006 1201 1192 1286 213-305,
1215 1202 1300 1268 Gno-

127 1305 271 1391 mologia
288 1307 378 1390 prior
395 1329 424 1371 1.
444 1306 631 1393 306-382,
652 1304 757 1391 Opera
775 1330 803 1371 v.
823 1307 1010 1393 383-617,
1028 1308 1066 1372 de
1083 1308 1299 1394 Navigatione

127 1413 351 1500 1618-694,
361 1411 576 1499 Gnomologia
585 1414 746 1498 posterior
756 1412 979 1500 1605-764,
988 1412 1066 1478 Dies
1077 1437 1104 1478 v.
1115 1415 1297 1481 765-828.

700 1582 753 1648 3.,

215 1695 246 1760 A
268 1698 385 1762 codicis
408 1697 547 1762 Parisini
575 1701 680 1762 aetate
709 1698 819 1762 statim
842 1699 1049 1763 ascendamus
1074 1699 1114 1762 ad
1137 1701 1297 1764 saeculum

127 1805 287 1891 quintum,
310 1826 373 1889 quo
392 1803 526 1872 Proclus
549 1805 620 1888 fuit,
644 1805 735 1869 euius
759 1827 797 1868 ex
821 1806 1049 1870 commentario
1068 1805 1170 1870 multa
1187 1806 1299 1870 insunt

126 1912 160 1975 in
187 1911 327 1976 scholiis.
373 1909 472 1975 Deest
501 1910 629 1994 quidem
652 1912 687 1975 in
710 1909 735 1976 O
759 1911 899 1995 primum
921 1912 1049 1999 folium,
1075 1912 1132 1976 ubi
1160 1913 1298 1976 fortasse

126 2019 194 2082 eius
220 2041 340 2082 nomen
365 2016 604 2103 inveniebatur,
633 2018 688 2081 sed
715 2022 748 2082 et
776 2039 814 2082 ex
837 2019 1014 2082 innumeris
1038 2018 1297 2082 cavillationibus

126 2125 304 2190 Tzetzianis
327 2128 421 2189 etex
445 2123 577 2189 scholiis
601 2123 745 2188 codicum
768 2125 982 2190 recentiorum
1005 2129 1132 2190 constat
1156 2125 1298 2189 eProoli

127 2232 370 2319 commentario,
402 2253 499 2315 quem
527 2229 641 2295 suidas
671 2252 798 2315 quoque
824 2231 930 2316 novit,
960 2231 1016 2295 illa
1044 2253 1112 2295 esse
1141 2236 1296 2316 excerpta.

127 2337 214 2415 Quae
237 2339 266 2402 si
289 2360 361 2403 cum
380 2342 472 2403 textu
491 2337 653 2424 earminiS,
676 2359 771 2421 quem
793 2337 940 2423 legimus,
963 2338 1207 2423 comparaveris,
1225 2360 1296 2402 oon-

126 2447 215 2510 eedes
252 2445 345 2510 illum
382 2467 491 2510 omnes
526 2466 608 2529 quae
640 2465 725 2508 nunc
757 2447 832 2508 sunt
863 2447 971 2528 partes
1004 2444 1153 2508 carminis
1186 2445 1296 2509 eodem

126 2548 236 2618 ordine
259 2556 355 2636 atque
378 2574 438 2616 nos
461 2551 587 2636 legisse.

214 2657 367 2744 Sequitur
398 2656 599 2722 Plutarchus.
650 2656 746 2722 Hunc
783 2679 911 2741 quoque
944 2658 1107 2741 scripsisse
1140 2679 1296 2722 commen-

125 2767 226 2831 tarios
250 2767 290 2831 ad
308 2764 414 2850 Opera
435 2768 526 2848 patet
544 2787 617 2829 oum
639 2785 656 2828 e
676 2762 772 2828 Gellii
791 2763 977 2828 testimonio
996 2763 1064 2850 (20,
1078 2764 1108 2850 8,
1124 2762 1167 2851 7),
1191 2768 1261 2829 tum
1279 2786 1296 2827 e

124 2873 229 2939 Procli
253 2872 395 2959 scholiis,
418 2871 474 2955 qui
496 2875 586 2936 totus
609 2892 648 2934 ex
671 2870 729 2934 illo
752 2870 877 2954 pendet.
914 2870 965 2936 Ne
987 2874 1099 2935 nostra
1121 2871 1185 2955 ipsi
1208 2893 1295 2955 prae-

124 2980 289 3066 ripiamus,
310 2978 441 3043 interim
464 2978 508 3042 sit
532 2977 611 3041 satis
635 2978 748 3041 afferre
768 2998 823 3041 eos
842 2976 941 3064 locos,
963 2977 1019 3040 ubi
1040 2977 1148 3040 addito
1166 2978 1295 3043 nomine

123 3086 257 3152 Proclus
284 3084 493 3150 Plutarchum
519 3083 728 3167 interpretem
754 3082 873 3146 laudat.
920 3081 1003 3146 Sunt
1031 3084 1071 3147 ad
1093 3106 1121 3147 v.
1141 3084 1198 3170 48,
1222 3085 1296 3169 212,

124 3195 204 3280 218,
227 3193 307 3276 242,
331 3192 410 3279 267,
433 3191 513 3276 286,
536 3191 610 3274 287,
635 3190 710 3277 317,
733 3190 807 3276 346,
831 3190 906 3276 353,
929 3190 1003 3276 356,
1026 3190 1101 3275 373,
1124 3191 1198 3276 377,
1221 3191 1295 3276 380,

125 3301 203 3386 386,
226 3300 306 3386 423,
329 3300 408 3384 427,
431 3298 513 3382 435,
536 3297 610 3381 504,
634 3296 708 3382 550,
732 3297 806 3382 580,
830 3296 904 3382 633,
928 3297 1003 3382 650,
1027 3299 1101 3383 733,
1125 3298 1199 3382 748,
1222 3298 1295 3382 751,

125 3407 203 3493 757,
232 3406 304 3471 780.
365 3404 488 3482 Quibus
526 3404 675 3469 omnibus
711 3405 791 3469 loeis
827 3426 894 3469 non
931 3404 1036 3468 solum
1073 3405 1111 3468 ad
1148 3405 1294 3489 singulos

117 3513 198 3579 ¹illos
226 3535 352 3600 versus,
380 3513 436 3577 sed
463 3533 588 3595 semper
615 3511 681 3575 fere
709 3512 749 3575 ad
777 3510 956 3594 complures
983 3511 1107 3576 vicinos
1134 3511 1294 3594 pertinere

123 3619 290 3685 Plutarchi
309 3619 607 3704 interpretationem
625 3618 832 3683 manifestum
851 3621 908 3683 est.
945 3618 1040 3702 Legit
1060 3621 1166 3681 autem
1186 3639 1294 3682 secun-

124 3728 200 3792 dum
226 3727 304 3792 haee
331 3727 459 3812 quidem
486 3726 624 3810 vestigia
647 3725 868 3789 commentarii
889 3723 1082 3789 Plutarchus
1105 3723 1294 3809 Pandoram,

124 3829 232 3919 αἶνον,
256 3856 292 3899 ea
315 3855 397 3918 quae
420 3835 495 3896 sunt
519 3833 566 3908 εἰς
590 3833 687 3915 δίκην
709 3829 764 3896 καὶ
787 3831 907 3916 ἀρετήν
931 3829 965 3918 (6
990 3829 1184 3918 fragmenta)
1209 3829 1294 3896 Gno-

123 3940 298 4026 mologiam
327 3939 468 4024 priorem
496 3936 531 4026 (8
559 3935 702 4024 fragm),
735 3935 840 4022 Opera
867 3936 901 4025 (7
935 3941 972 4000 ut
1003 3937 1130 4001 videtur
1156 3936 1295 4025 fragm),

124 4047 174 4111 bis
207 4048 242 4112 in
270 4050 361 4131 parte
389 4046 427 4109 de
452 4045 658 4130 navigatione
686 4044 829 4108 invenies
861 4044 928 4108 eius
955 4065 1087 4129 nomen,
1116 4044 1190 4127 plus
1221 4048 1293 4109 octo

123 4175 235 4218 versus
264 4175 302 4218 ex
331 4153 432 4217 altera
455 4151 670 4236 Gnomologia
691 4151 797 4236 novit,
820 4151 969 4215 laudatur
993 4152 1090 4216 ctiam
1113 4151 1148 4215 in
1170 4150 1293 4215 Diebus

125 4260 230 4325 semel.
267 4259 404 4324 Restant
426 4259 640 4344 Prooemium,
662 4257 803 4342 AetateS,
817 4256 956 4343 Ἕριδες.
992 4258 1043 4322 Ex
1066 4258 1118 4321 his
1139 4255 1293 4321 Aetatum

215 4420 241 4488 1)
259 4418 396 4472 Isocrates
415 4418 452 4472 ad
469 4416 531 4472 Nic.
550 4424 593 4473 43.
680 4421 706 4488 2)
726 4414 839 4470 Scholia
857 4418 953 4470 vetera
972 4415 1009 4469 ad
1026 4433 1052 4470 v.
1073 4420 1132 4469 760.
