2970 4980
400 328 442 384 De
461 328 583 400 Operum
601 330 726 385 versibus
745 330 781 384 ab
802 328 926 399 antiquis
944 328 1078 385 laudatis.
1263 329 1329 395 203

150 491 329 579 Aristides,
357 492 550 558 Plutarchus
558 491 598 582 ¹),
626 493 798 578 Stobaeus,
827 492 974 559 Clemens
1001 516 1068 559 non
1092 494 1240 579 legerunt
1262 516 1329 558 ver-

152 623 228 664 sum
255 601 335 686 294,
368 623 462 685 quem
496 601 551 685 qui
585 601 717 666 alterius
748 601 900 666 factionis
930 623 998 666 esse
1026 601 1106 688 dixi,
1142 605 1329 686 agnoscunt.

152 705 223 772 Nec
249 728 317 772 non
343 708 532 793 ignoravere
560 731 687 773 versum
711 708 822 773 Livius
846 707 954 796 (XXII
973 709 1025 794 29,
1045 706 1090 795 8),
1117 706 1228 773 Cicero
1254 706 1328 795 (pro

156 813 280 881 Cluent.
299 812 432 901 XXXI),
457 815 598 880 Basilius
617 815 755 902 Magnus
779 815 832 904 (de
855 816 925 880 aud.
947 816 1052 900 poetis
1069 815 1152 900 prof.
1170 838 1200 899 p.
1215 813 1290 900 565,
1310 815 1327 880 1

153 919 289 1008 Migne),
312 920 444 1008 Gregor.
468 921 545 989 Nan.
570 920 677 1011 (epist.
696 921 743 987 XI
765 921 899 1010 Migne).
933 920 1081 987 Olemens
1105 944 1178 987 cum
1200 944 1329 987 versum

154 1030 334 1115 ignoraret,
360 1030 582 1115 imperfectam
605 1030 878 1114 comparationem
900 1029 1041 1114 reliquit.
1092 1030 1137 1094 Et
1164 1029 1236 1094 vide
1259 1029 1331 1093 Ari-

155 1136 249 1201 stidis
286 1137 519 1223 cavillationes,
555 1137 672 1221 quibus
705 1159 775 1201 eam
808 1137 1001 1201 sententiam
1034 1137 1141 1201 studet
1173 1136 1331 1220 expiscari

154 1265 171 1307 0
198 1265 293 1308 versu
321 1244 396 1329 293,
425 1266 506 1329 quae
533 1266 618 1309 nunc
643 1243 764 1329 legitur
786 1243 821 1307 in
843 1265 871 1308 v.
892 1243 970 1308 294:
999 1241 1045 1330 (II
1066 1266 1097 1327 p.
1117 1243 1173 1327 32,
1197 1241 1330 1330 3-14).

154 1350 256 1427 Quem
283 1373 362 1416 num
390 1351 492 1416 credis
515 1350 596 1416 illud
619 1373 727 1415 suum:
761 1351 908 1416 οὐκοῦν
931 1350 949 1416 ὁ
972 1345 1042 1435 μὲν
1066 1350 1182 1427 αὐτὸς
1204 1351 1330 1416 πάντα

155 1459 301 1541 νοήσας
324 1456 433 1523 ἐστὶν
456 1457 474 1523 ὁ
498 1453 540 1524 εὖ
559 1459 692 1524 01110111·
725 1461 776 1522 101
794 1457 901 1522 verbis
920 1457 1204 1540 comprobaturum
1222 1456 1331 1542 fuisse,

155 1564 183 1629 si
205 1565 340 1651 legisset
361 1586 473 1630 versus
497 1564 563 1629 294
585 1586 695 1629 vocem
719 1563 977 1650 qouocdpcccv‘?
999 1601 1040 1611 -
1063 1561 1111 1627 De
1129 1586 1159 1628 v.
1174 1562 1239 1628 295
1258 1585 1331 1628 cum

153 1671 237 1736 nihil
269 1671 418 1751 habeam,
452 1671 539 1756 quod
571 1671 688 1755 dicam,
720 1671 809 1736 varia
842 1670 982 1736 occurrit
1013 1670 1109 1735 lectio
1142 1671 1176 1734 in
1203 1693 1231 1735 v.
1256 1671 1329 1736 296.

155 1776 256 1844 (iuius
280 1779 315 1843 in
338 1779 432 1844 initio
452 1778 639 1856 011111101ὃς
658 1777 699 1844 de'
713 1803 750 1845 κε
768 1777 970 1862 Aristoteles,
994 1777 1031 1855 ὃς
1049 1776 1090 1843 ‹le'
1106 1802 1142 1860 γε
1160 1776 1331 1863 Aristides,

154 1885 191 1962 ὃς
215 1885 309 1952 1110
333 1884 494 1970 Olemens3
518 1886 574 1950 sed
597 1885 755 1950 fluctuant
779 1907 890 1950 eorum
914 1883 1037 1949 codices
1060 1885 1181 1969 pariter
1204 1907 1240 1950 ac
1259 1883 1330 1950 810-

153 1993 240 2076 baei,
268 1993 359 2058 cuius
386 1994 421 2057 in
448 1993 553 2058 tribus
578 1993 706 2056 eaedem
728 1992 897 2076 lectiones,
926 2014 1005 2077 quas
1030 1992 1110 2075 dixi,
1139 1991 1269 2071 adsunt,
1296 1992 1332 2056 in

155 2103 271 2183 quarto
304 2099 342 2176 ὃς
374 2097 411 2165 dl
442 2104 511 2178 καί;
543 2121 601 2164 nec
632 2121 699 2164 non
725 2099 877 2164 vacillant
905 2099 981 2163 libri
1009 2098 1171 2164 Hesiodei.
1217 2097 1331 2183 Itaque

154 2207 238 2271 sitne
266 2206 355 2271 varia
381 2206 478 2272 lectio
507 2207 691 2292 statuenda,
719 2207 784 2271 iam
806 2228 873 2271 non
896 2207 1077 2292 quaeritur,
1104 2206 1160 2270 sed
1183 2229 1264 2290 quae
1288 2208 1331 2271 sit

155 2313 279 2398 optima
312 2314 465 2399 eligenda.
518 2313 625 2379 Medio
658 2314 694 2377 in
725 2335 820 2377 versu
847 2310 1041 2377 Aristoteles
1069 2311 1230 2377 Aristides
1259 2312 1331 2378 Sto-

154 2421 254 2485 baeus
291 2418 439 2486 Clemens
476 2421 627 2506 legebant
664 2420 778 2503 αὐτός,
816 2418 902 2503 quod
938 2419 1037 2483 etiam
1073 2419 1223 2504 vulgatae
1259 2420 1331 2484 dem

154 2527 244 2592 varia
272 2526 409 2592 lectione
436 2549 503 2592 non
532 2527 685 2611 admissa3
713 2550 787 2591 nam
815 2549 887 2590 cum
915 2526 1003 2614 αὐτῷ
1032 2525 1149 2590 codicis
1173 2523 1212 2612 O,
1244 2524 1330 2611 Apo-

154 2635 254 2720 stolii,
277 2635 437 2699 lemmatis
462 2633 577 2698 scholii
600 2638 724 2720 pugnat
748 2635 847 2710 αὐτός
869 2631 995 2697 1111111)
1019 2637 1051 2698 01
1070 2631 1207 2698 Orionis
1238 2633 1331 2698 Prae·

154 2746 242 2806 terea
269 2742 349 2827 legit
378 2742 478 2820 αὐτός
505 2745 617 2806 auctor
640 2740 748 2825 Etym.
771 2739 952 2804 Florentini
981 2763 1011 2824 p.
1031 2740 1087 2823 58,
1116 2741 1172 2825 qui
1198 2744 1331 2826 propter

154 2870 266 2913 vocem
288 2848 424 2934 ἀχρήιος
446 2847 532 2913 hunc
554 2852 586 2912 01
605 2851 792 2932 sequentem
810 2869 939 2912 versum
957 2847 1113 2932 laudavit,
1138 2869 1332 2931 quamquam

155 2956 296 3040 suspicio
320 2960 370 3020 est
393 2977 466 3020 eum
489 2978 547 3020 sua
570 2955 768 3039 excerpsisse
791 2977 830 3019 ex
854 2954 985 3019 scholiis
1009 2952 1233 3018 Choerobosci.
1275 2951 1331 3018 Ce-

154 3067 261 3127 terum
288 3062 327 3126 cf.
356 3063 394 3127 de
422 3063 521 3139 αὐτός
548 3061 738 3146 Rzachium,
765 3060 897 3126 Dialekt
924 3085 955 3146 p.
974 3061 1049 3125 427.
1075 3099 1117 3107 -
1145 3059 1195 3124 De
1216 3082 1245 3124 v.
1265 3060 1329 3125 297

156 3190 330 3234 consensus
354 3173 404 3234 001
426 3170 511 3234 inter
535 3191 653 3235 omnes.

244 3275 296 3340 Ad
327 3298 456 3341 versum
483 3277 547 3341 299
581 3276 671 3341 adest
703 3275 926 3341 testimonium
953 3274 1119 3340 Plutarchi
1151 3272 1205 3361 (de
1230 3273 1328 3340 Stoic.

156 3405 289 3469 repugn.
312 3406 342 3467 p.
365 3384 449 3448 1047
460 3384 483 3470 f,
495 3373 553 3449 'VI
570 3407 601 3468 p.
617 3382 683 3447 254
691 3380 744 3468 Β),
771 3382 826 3466 qui
850 3383 1021 3467 exscripsit
1039 3383 1179 3467 priorem
1197 3387 1331 3467 partem,

156 3494 188 3554 et
207 3488 353 3574 Cornuti,
377 3490 433 3574 qui
455 3491 540 3555 hunc
564 3495 596 3555 et
620 3494 806 3574 sequentem
829 3511 957 3554 versum
980 3493 1210 3554 commemorat
1233 3489 1330 3554 theol.

159 3594 210 3662 Gr.
231 3618 255 3661 c.
270 3597 312 3661 28
333 3594 377 3683 (p.
396 3595 449 3680 56,
468 3594 614 3683 4Lang).
647 3595 776 3661 Neuter·
794 3596 929 3661 discedit
953 3619 971 3661 a
993 3583 1084 3661 textu
1106 3596 1272 3661 librorum.
1288 3634 1330 3642 -
1414 3615 1417 3620 ’

157 3702 220 3768 Sed
242 3703 276 3767 in
298 3727 327 3768 v.
346 3703 412 3769 390
436 3703 653 3768 adnotandum
677 3708 726 3768 est
744 3701 881 3767 Cornuti
905 3701 1110 3786 ἐυπλόκαμος
1135 3723 1195 3785 pro
1222 3701 1330 3767 ἐυστέ-

157 3835 271 3895 φανος.
317 3808 425 3895 Atque
456 3810 519 3874 nisi
549 3809 611 3874 boc
643 3833 708 3874 uno
739 3810 811 3874 loco
844 3809 883 3873 ab
913 3807 971 3872 illo
999 3808 1206 3901 laudarentur
1232 3808 1330 3872 verba

156 3916 325 4001 Hesiodea,
348 3917 457 3981 nullus
480 3937 540 4002 ego
565 3916 744 3982 dubitarem
764 3916 847 3981 hanc
866 3914 1026 3999 praeferre
1044 3915 1215 3980 lectionem
1234 3919 1330 3999 atque

155 4025 241 4089 inter
263 4025 368 4089 varias
391 4025 548 4110 redigere3
571 4047 646 4088 nam
664 4028 714 4089 est
732 4022 1020 4108 exquisitissimum
1038 4021 1100 4086 hoc
1119 4020 1245 4086 Cereris
1264 4021 1330 4106 cpi-

246 4292 273 4358 1)
292 4288 381 4354 Quem
398 4288 445 4343 hic
463 4306 550 4343 unum
568 4290 686 4359 advoco;
707 4307 774 4343 nam
791 4287 931 4358 Diogenes
951 4289 980 4341 01
998 4287 1183 4355 Themistius,
1202 4285 1226 4340 si
1243 4286 1330 4358 legis-

156 4381 220 4434 sent
237 4397 263 4433 v.
281 4385 342 4447 294,
361 4380 457 4432 tamen
475 4381 630 4448 potuerunt
643 4378 703 4433 sine
718 4377 777 4431 ulla
792 4375 975 4432 adnotatione
988 4376 1104 4430 laudare
1118 4375 1237 4431 Zenonis
1250 4375 1330 4430 testi·

156 4465 283 4522 monium
300 4466 552 4537 praetermittentis
570 4467 641 4522 haec
658 4468 758 4537 verba;
777 4484 833 4522 non
851 4465 945 4537 potuit
963 4465 1138 4521 Plutarchus.
