2970 4980
400 317 443 372 De
462 315 584 388 Operum
601 316 729 373 versibus
748 318 785 372 ab
804 316 928 387 antiquis
946 317 1079 373 laudatis.
1264 319 1329 383 207

152 478 280 544 librarii
307 502 367 565 pro
390 482 491 559 κῦδος
514 481 554 546 ab
579 481 728 546 omnibus
751 482 914 546 firmatum
937 482 1068 566 irrepsit
1091 484 1193 566 κῆδος
1219 483 1333 547 calami

155 609 263 651 errore
287 591 319 652 et
342 588 510 653 iotacismo
534 593 654 653 natum.

243 693 367 759 Versus
391 695 915 762 317-3201audavitStobaeus
939 696 974 761 in
997 696 1100 780 capite
1124 694 1200 783 περὶ
1219 700 1333 782 φιλίας

154 799 263 865 XXIX
281 801 304 864 4
327 798 371 887 (p.
391 801 454 868 627
471 801 537 889 H),
559 825 661 867 unum
684 804 750 870 318
775 803 810 868 in
833 804 937 889 capite
960 801 1036 889 περὶ
1055 804 1171 880 αἰδοῦς
1188 801 1333 867 ΧΧΧΙ4

154 905 199 995 (p.
219 909 285 974 670
299 906 355 995 Η.)
362 960 371 994 ,
398 909 472 973 inde
500 910 679 994 exscriptus
702 915 750 975 cst
773 915 887 996 postea
909 910 1066 974 mantissa
1088 909 1333 994 proverbiorum

154 1013 204 1078 III
222 1014 265 1080 45
294 1015 329 1078 in
355 1014 499 1080 Paroem.
529 1038 575 1103 gr.
605 1016 784 1103 Leutschii3
816 1040 941 1082 versum
971 1016 1037 1081 320
1065 1003 1099 1080 in
1126 1017 1231 1101 capite
1257 1014 1332 1101 περὶ

155 1122 285 1200 ἀδικίας
312 1123 342 1187 X
369 1123 411 1186 10
437 1146 467 1207 p.
489 1123 555 1188 410
570 1123 610 1187 Η.
636 1122 707 1212 (ubi
731 1125 928 1208 optimorum
950 1123 1108 1188 librorum
1131 1123 1236 1188 maior
1257 1146 1333 1208 pars

154 1234 300 1313 πολλῶν,
332 1230 419 1315 quod
448 1252 559 1295 versus
587 1252 654 1295 non
681 1230 838 1316 admittit,
870 1231 976 1296 minor
1002 1252 1077 1314 pars
1107 1231 1225 1294 rectius
1253 1236 1333 1295 πολ-

154 1334 239 1424 λὸν).
281 1335 403 1402 Versus
423 1337 487 1401 317
512 1341 545 1402 et
569 1337 633 1404 318
657 1337 796 1402 vidimus
820 1337 1057 1423 suprap.103‚
1077 1337 1139 1402 109
1160 1334 1214 1425 (cf.
1234 1336 1332 1401 schol.

156 1468 175 1529 ρ
195 1441 276 1528 347)
296 1443 505 1509 Plutarchum
529 1466 625 1528 quam
647 1444 786 1508 maxime
809 1448 968 1509 errantem
994 1445 1122 1509 duxisse
1141 1466 1180 1508 ex
1198 1443 1333 1508 Homeri

155 1551 350 1616 carminibus
374 1548 408 1638 (p
428 1551 502 1636 347,
526 1554 560 1616 Ω
577 1549 637 1638 45)
667 1573 735 1615 esse
763 1552 950 1637 translatos3
978 1551 1062 1615 idem
1090 1550 1153 1614 sibi
1181 1554 1331 1615 constans

156 1658 194 1722 de
221 1658 277 1723 vit.
305 1659 380 1742 pud.
408 1681 438 1742 p.
462 1657 561 1723 529a
585 1656 634 1722 HI
658 1658 724 1722 370
739 1658 774 1722 Β.
807 1681 934 1723 versum
962 1658 1025 1723 317
1058 1661 1095 1721 ut
1122 1655 1331 1722 Homericum

155 1764 274 1830 laudat.
320 1765 468 1830 Eundem
491 1787 618 1830 versum
641 1788 753 1830 rursus
777 1765 919 1830 vindicat
942 1764 1085 1828 Hesiodo
1110 1762 1224 1829 Suidas
1242 1761 1274 1827 lb
1291 1764 1331 1828 10

156 1873 258 1949 αἰδώς
280 1873 327 1956 Β,
355 1894 420 1957 quo
443 1871 514 1936 loco
538 1872 643 1956 prima
665 1872 763 1937 verba
786 1875 862 1936 sunt
884 1870 1084 1936 Artemidori
1108 1868 1138 1958 (Ι
1157 1868 1224 1958 47).
1262 1868 1333 1935 Sto-

156 1980 254 2045 baeus
282 1980 333 2045 vel
357 1980 501 2045 ordinem
523 2002 688 2064 versuum,
717 1980 773 2064 qui
796 1983 846 2044 est
868 1979 904 2043 in
925 1978 1018 2042 libris
1041 1977 1211 2042 Hesiodeis
1234 1975 1331 2042 nol)

156 2085 251 2151 Meas.
283 2087 436 2172 traditus,
469 2088 650 2171 confirmat,
683 2087 740 2171 qui
770 2084 935 2171 displicuit
961 2083 1187 2169 Peppmiillero
1214 2083 1332 2149 Philol.

155 2191 329 2259 XXXVIII
352 2218 382 2279 p.
402 2195 466 2259 317
491 2199 524 2259 ct
546 2193 697 2259 Rnachio.
740 2192 803 2258 Sed
826 2192 864 2257 de
887 2192 944 2277 eis,
966 2192 1022 2276 qui
1045 2191 1110 2256 iam
1133 2193 1333 2257 emendan-

157 2301 214 2364 dis
247 2304 361 2385 poetae
390 2302 536 2366 versibus
564 2323 693 2386 operam
720 2304 894 2384 naverunt,
925 2320 992 2363 non
1020 2301 1068 2362 est
1095 2303 1244 2364 nostrum
1270 2299 1332 2364 hoc

156 2408 229 2473 loco
254 2408 426 2492 disputare.
447 2407 557 2472 —De
579 2430 674 2472 versu
697 2407 762 2472 319
787 2410 835 2470 est
858 2405 1026 2471 concentio
1049 2405 1134 2469 inter
1157 2405 1332 2470 Stobaeum

157 2519 189 2579 et
217 2513 395 2580 Hesiodeos
427 2514 538 2579 libros.
583 2513 752 2579 Praeterea
784 2535 912 2578 versum
945 2512 1167 2597 indagavimus
1194 2512 1229 2576 in
1255 2535 1332 2599 gno-

155 2619 298 2706 mologia
315 2620 463 2687 Parisino
486 2622 572 2706 apud
590 2620 778 2686 Boissonad.
798 2619 916 2684 Anecd.
935 2616 1012 2705 gul
1031 2642 1061 2703 p.
1078 2617 1151 2705 115,
1172 2621 1212 2684 16
1237 2623 1332 2704 atque

156 2727 202 2791 ibi
226 2750 299 2793 cum
321 2726 445 2793 librarii
468 2727 592 2792 mendis
616 2727 799 2812 permultis:
829 2731 884 2792 τοί
905 2731 955 2791 est
978 2725 1145 2811 omissum,
1172 2725 1333 2811 ἀνολβίην

157 2839 189 2899 et
221 2838 325 2919 ὄλβον
356 2839 530 2900 exaratum.
580 2834 694 2919 Neque
726 2835 865 2899 confisus
898 2833 941 2898 sis
973 2832 1159 2897 testimonio
1192 2833 1332 2898 auctoris
1451 2914 1457 2924 ἱ

156 2940 446 3026 Epimerismorum
467 2942 712 3006 Homericorum
736 2941 821 3026 apud
844 2939 982 3005 Cramer.
1006 2937 1067 3005 An.
1091 2937 1184 3002 orl
1206 2940 1279 3025 118,
1302 2939 1332 3024 3,

157 3049 212 3133 qui
242 3049 289 3113 ita
320 3071 449 3133 pessum
475 3049 562 3113 dedit
592 3049 752 3134 posterius
779 3047 1019 3113 hemistichium
1046 3068 1157 3112 versus
1186 3045 1265 3130 320,
1293 3050 1331 3110 ut

156 3177 256 3239 paene
270 3156 421 3240 cognosci
434 3177 501 3221 non
514 3157 632 3240 possit:
650 3156 831 3232 θεόσδοτος
844 3146 978 3221 πολλῶν
992 3154 1145 3239 ἀμείνων.
1157 3190 1199 3198 -
1208 3152 1331 3218 Versus

157 3260 222 3326 325
255 3262 295 3326 ab
329 3267 458 3327 auctore
487 3262 777 3347 Epimerismorum
804 3261 1051 3326 Homericorum
1079 3260 1164 3345 apud
1192 3257 1331 3325 Cramer.

158 3369 275 3433 Anecd.
295 3367 397 3434 Oxou
410 3368 427 3432 I
441 3369 515 3454 264,
530 3369 573 3434 32
597 3373 629 3433 et
647 3368 814 3433 Pindarico
839 3367 1013 3432 scholiasta
1037 3367 1077 3432 ad
1095 3365 1209 3432 Isthm.
1222 3365 1272 3431 HI
1288 3367 1328 3432 81

156 3499 186 3560 p.
205 3475 270 3539 417
286 3475 346 3539 Ab.
374 3475 525 3542 laudatur
552 3475 592 3540 ad
620 3474 842 3559 explicandum
868 3474 1060 3539 vocabulum
1084 3483 1264 3560 μαυροῦσι,
1293 3474 1331 3538 de

158 3604 221 3666 qua
248 3582 353 3647 forma
381 3583 478 3647 etiam
506 3581 767 3647 Choeroboscum
794 3583 830 3647 in
858 3582 988 3646 scholiis
1016 3581 1087 3645 fuse
1114 3581 1331 3665 disputantem

157 3711 254 3773 supra
286 3712 316 3774 p.
341 3690 381 3753 87
415 3689 562 3754 vidimus.
608 3687 793 3754 Herodiano
826 3689 971 3753 restituit
1003 3709 1061 3751 suo
1094 3687 1163 3751 iure
1195 3687 1331 3752 Lenzius

157 3794 235 3860 haec
262 3792 353 3881 (Her.
376 3794 479 3860 techn.
503 3794 593 3860 rell
615 3818 645 3879 p.
668 3796 740 3880 180,
759 3793 840 3883 20);-
865 3794 920 3859 sed
947 3778 1071 3876 semper
1098 3791 1132 3856 id
1158 3794 1332 3858 tenendum

156 3906 214 3987 est,
238 3899 478 3967 Cheroboscum
503 3905 535 3966 et
558 3905 681 3966 ceteros
705 3905 866 3984 auctores,
896 3899 981 3984 apud
1004 3920 1086 3983 quos
1110 3898 1188 3963 talia
1211 3900 1331 3965 inveni-

156 4012 270 4095 untur,
297 4008 474 4074 Herodiani
501 4008 678 4074 sententias
706 4009 841 4095 tradere,
867 4029 935 4072 non
961 4006 1059 4071 verba
1082 4005 1152 4090 ipsa
1175 4007 1239 4071 nisi
1261 4030 1331 4091 per-

157 4137 239 4180 raro.
289 4114 404 4199 Itaque
436 4137 501 4180 non
534 4115 609 4181 licet
641 4115 828 4180 testimonia
859 4114 932 4178 inde
964 4117 1073 4197 petere
1105 4112 1145 4177 ad
1177 4114 1331 4179 lectiones

157 4222 300 4287 codicum
329 4222 500 4287 firmandas
529 4226 585 4286 aut
613 4221 817 4306 refellendas,
844 4220 908 4285 nisi
935 4219 992 4284 ubi
1015 4219 1133 4284 diserte
1157 4219 1195 4284 de
1217 4220 1330 4284 formis

157 4329 353 4414 disputatur,
375 4334 413 4394 ut
436 4329 491 4394 res
512 4329 562 4394 sit
577 4329 754 4413 perspicua.
791 4326 924 4392 Accedit
947 4326 1093 4413 alterum,
1116 4327 1202 4411 quod
1225 4349 1331 4410 saepe-

155 4457 289 4500 numero
318 4436 353 4499 in
381 4436 597 4500 exscribendis
621 4435 807 4501 auctoribus
830 4457 897 4500 non
920 4457 957 4499 ea
980 4438 1030 4499 cst
1054 4434 1221 4520 diligentia
1244 4433 1331 4498 adhi-
