2970 4980
397 314 439 368 De
459 313 581 384 Operum
598 314 725 369 versibus
745 315 781 369 ab
801 314 925 383 antiquis
943 315 1076 370 laudatis.
1262 315 1325 380 211

727 551 756 616 8.

244 691 322 758 lnde
341 693 381 757 ab
400 692 532 779 Ergis‚
552 715 633 777 quae
652 692 716 756 iam
737 698 924 781 sequuntur,
943 693 1093 758 desinunt
1111 716 1184 758 cum
1203 717 1327 759 summo

151 804 265 864 nostro
289 800 399 865 dolore
423 801 532 865 adesse
556 801 698 884 exceptis
716 799 796 865 locis
816 801 984 886 perpaucis
1003 801 1190 879 testimonia
1209 824 1329 886 eorum,

153 908 271 992 quibus
304 908 473 992 praecipue
506 907 610 972 adhuc
643 930 753 972 sumus
786 907 849 972 nisi
882 909 922 972 ad
950 908 1084 973 alteram
1113 909 1329 974 recensionem

152 1015 393 1080 restituendam.
440 1013 553 1099 Neque
581 1015 636 1099 qui
664 1014 789 1099 vulgati
817 1019 927 1080 textus
952 1020 1027 1080 sunt
1050 1020 1163 1099 testes,
1191 1015 1329 1079 multum

152 1122 274 1206 valent,
312 1143 385 1186 cum
422 1122 597 1206 saepissine
629 1122 788 1206 pendeant
822 1144 860 1186 ex
892 1122 999 1187 Procli
1030 1122 1082 1186 vel
1113 1119 1330 1186 Choerobosci

153 1228 300 1314 scholiis;
329 1250 410 1312 quor
434 1250 504 1293 eam
528 1228 569 1292 ob
593 1251 661 1292 rem
682 1228 891 1313 neglegimus.
940 1227 1002 1293 Sed
1023 1227 1085 1293 hoc
1108 1228 1223 1293 saltem
1246 1229 1330 1293 dam·

152 1359 230 1401 num
254 1337 432 1400 resarciunt
454 1358 596 1420 papyrus
619 1334 665 1420 A,
688 1335 745 1399 ubi
769 1357 879 1399 omnes
902 1336 969 1399 fere
992 1335 1065 1399 inde
1089 1359 1107 1399 a
1130 1336 1194 1400 686
1218 1358 1329 1400 versus

152 1444 313 1529 leguntur,
336 1448 369 1508 et
392 1447 552 1508 certamen
572 1442 706 1507 Homeri
730 1446 762 1506 et
780 1441 925 1525 Hesiodi,
947 1443 983 1507 in
1006 1465 1069 1527 quo
1094 1442 1178 1506 inest
1201 1443 1331 1507 initium

152 1550 323 1637 Ergorum.

242 1657 364 1723 Versus
393 1658 458 1723 383
487 1663 519 1723 et
548 1681 684 1743 sequens
712 1662 904 1744 repetuntur
926 1659 961 1722 in
985 1656 1167 1722 Certamine
1192 1655 1235 1744 (v.
1258 1658 1330 1741 173,

156 1766 220 1830 174
234 1763 375 1853 Erash),
404 1764 460 1829 ubi
488 1765 523 1828 in
549 1787 644 1829 versu
668 1764 734 1830 384
761 1765 899 1849 legimus
929 1759 1060 1849 ctpqcot'
1086 1759 1255 1850 (traditum
1281 1768 1330 1828 est

153 1872 308 1961 ἀμητοῖο)
337 1876 370 1937 et
398 1872 531 1955 ἀρότοιό
560 1896 599 1936 τε
627 1893 686 1955 pro
711 1871 944 1935 Hesiodeorum
966 1870 1125 1935 librorum
1148 1870 1275 1955 ἀμητοῦ
1299 1875 1330 1935 et

154 1980 288 2066 ἀρότοιο
321 1979 367 2044 δέ.
413 1978 526 2064 Neque
559 1979 648 2042 adest
677 1979 766 2043 varia
794 1978 900 2065 lectio,
933 1979 988 2043 sed
1015 1983 1167 2063 corrupta
1194 1983 1270 2043 sunt
1297 1979 1330 2042 in

156 2087 312 2151 deteriore
336 2087 420 2151 libro
445 2084 648 2170 Certaminis‚
672 2108 753 2170 quae
776 2086 914 2151 rectiora
935 2085 1090 2171 leguntur
1112 2085 1197 2171 apud
1219 2085 1331 2151 Hesio-

155 2193 240 2258 dum.
273 2192 358 2258 Nam
382 2193 519 2278 ἀμητοῖο
544 2194 658 2257 saltem
678 2192 801 2256 factum
820 2214 890 2257 esse
909 2192 949 2256 ad
967 2192 1148 2277 exemplum
1167 2193 1331 2277 sequentis

154 2300 287 2387 ἀρότοιο
317 2301 411 2365 docet
435 2300 560 2385 plenior
582 2300 700 2383 forma,
729 2321 826 2383 quarn
848 2321 960 2363 versus
983 2322 1049 2388 non
1072 2299 1195 2384 recipit.
1242 2297 1331 2363 Idem

154 2407 240 2471 valet
263 2409 297 2471 in
321 2408 529 2472 scholiastam
547 2407 755 2471 Homericum
778 2406 818 2470 ad
837 2411 872 2470 Σ
886 2406 952 2470 483
976 2403 1023 2493 (II
1045 2405 1116 2489 170,
1139 2404 1211 2491 1D3
1235 2404 1330 2470 tota

154 2513 269 2601 Bekk.)
298 2519 330 2578 et
358 2515 392 2579 in
415 2513 618 2579 Athenaeum
642 2510 855 2601 (1114891),
888 2535 1025 2597 quornm
1059 2516 1168 2577 tamen
1195 2516 1331 2596 uterque

155 2620 195 2686 δέ
216 2616 301 2686 recte
325 2622 463 2706 scripsit.
508 2620 609 2686 Porro
633 2621 794 2685 Maximus
818 2619 943 2705 Tyrius,
968 2642 1031 2704 qua
1054 2623 1104 2683 est
1126 2618 1330 2705 neglegentia

155 2728 190 2792 in
207 2728 374 2793 laudandis
388 2729 558 2793 Hesiodeis
577 2728 732 2813 versibus,
751 2728 786 2792 in
804 2727 929 2792 dissert.
945 2725 1080 2813 XXX‚6
1099 2750 1129 2811 p.
1147 2726 1328 2791 121chn.

156 2840 188 2900 et
212 2836 361 2901 attribuit
385 2836 541 2920 quaedam
563 2839 692 2921 poetae,
716 2858 798 2920 quae
820 2835 855 2898 in
877 2834 938 2899 hac
961 2837 1052 2918 parte
1075 2856 1142 2899 non
1164 2834 1329 2898 inveniun-

155 2947 219 3028 tur,
237 2947 270 3007 et
288 2966 347 3028 pro
368 2943 651 3028 ἐπιτελλομενάων
670 2942 800 3026 scripsit
819 2964 1004 3027 perversum
1018 2941 1331 3026 περιτελλομενάων.

156 3048 263 3114 Ceteri
295 3051 414 3115 absunt
446 3074 465 3115 a
496 3049 701 3134 corruptelis:
734 3048 798 3114 Dio
831 3047 1084 3133 Chrysostomus
1116 3049 1152 3112 in
1183 3048 1329 3113 oratione

155 3154 226 3241 Ila
242 3181 272 3242 p.
283 3157 370 3222 2οΜ
385 3155 516 3245 (7513),
536 3156 709 3221 scholiasta
727 3157 766 3221 ad
780 3154 875 3221 Arati
890 3155 1063 3220 Phaenom.
1079 3156 1141 3220 137
1162 3156 1207 3221 ed.
1222 3155 1332 3241 Beki„

154 3263 281 3329 Probus
301 3265 340 3329 ad
358 3264 495 3350 Vergilii
515 3264 625 3329 Bucol.
640 3262 690 3327 ΠΙ
709 3263 762 3349 40,
781 3262 904 3352 8Keil.‚
929 3262 1082 3330 Geminus
1105 3263 1140 3327 in
1164 3263 1330 3328 elementis

156 3376 330 3436 astronom.
363 3395 388 3436 c.
415 3372 446 3437 4.
478 3371 605 3437 Petavii
649 3372 687 3436 de
725 3371 823 3437 doctr.
856 3376 953 3456 temp.
981 3395 1010 3456 p.
1036 3372 1092 3458 333
1130 3371 1185 3437 sed
1222 3393 1333 3436 eorum

157 3501 285 3564 quoque
303 3479 381 3544 libri
394 3479 552 3544 fluctuant
565 3501 797 3563 nonnunquam
811 3480 847 3543 in
861 3478 1028 3545 scribendo
1043 3480 1173 3545 nomine
1184 3476 1333 3562 Ἀτλαγε-

157 3586 244 3652 νέων
266 3591 303 3651 ut
323 3586 484 3651 Hesiodei.
517 3584 616 3651 Ouius
639 3587 727 3651 vocis
751 3586 873 3651 formae
890 3585 1136 3674 Ἀτλᾶγεννο-ἔων
1155 3584 1331 3670 Gregorius

158 3690 347 3758 Corinthius
371 3694 479 3758 studet
501 3717 531 3778 p.
551 3693 625 3778 578,
645 3692 800 3759 3Sehaef.
825 3694 991 3759 ostendere
1015 3715 1083 3758 esse
1107 3692 1229 3757 exitum
1251 3690 1332 3756 Aeo·

155 3800 254 3865 licum
283 3822 415 3885 eamque
443 3801 551 3865 firmat
578 3799 640 3865 hoc
667 3799 827 3867 Hesiodeo
855 3824 950 3866 versu
978 3800 1131 3865 adhibito.
1179 3798 1241 3864 Sed
1267 3822 1334 3864 non

155 3906 231 3991 plus
253 3907 337 3973 facio
362 3905 552 3993 Gregorium
577 3905 782 3973 Corinthium
806 3908 1018 3974 deterioribus
1041 3907 1134 3972 libris
1154 3905 1333 3993 Hesiodeis,

156 4014 192 4078 in
219 4015 336 4099 quibus
366 4015 476 4080 eadem
499 4015 604 4080 forma
627 4014 754 4101 legitur.
801 4014 840 4081 ln
862 4039 958 4081 versu
981 4015 1046 4082 385
1069 4014 1240 4100 legendum
1263 4036 1333 4079 esse

156 4144 224 4187 non
247 4120 278 4187 δ’
304 4124 388 4206 ἤτοι,
413 4122 468 4187 sed
491 4124 532 4207 δή
556 4146 606 4188 τοι
630 4144 703 4186 cum
726 4120 851 4187 libroO
871 4121 915 4210 (D
938 4145 999 4188 om.
1017 4120 1084 4210 τοί)
1104 4122 1333 4206 comprobatur

157 4229 353 4294 testimoniis
382 4228 576 4294 Certaminis
609 4233 643 4294 et
671 4228 864 4294 scholiastae
891 4228 1057 4295 Homerici
1086 4227 1183 4316 (ll).
1211 4267 1255 4276 -
1281 4227 1333 4292 Ad

157 4358 206 4400 vv.
227 4335 414 4401 386-392
444 4337 534 4401 adest
562 4359 662 4401 unum
686 4334 856 4401 Certamen
880 4336 1077 4422 lto-182,
1109 4340 1333 4422 praeterquam

158 4443 245 4526 qnod
276 4465 388 4517 versus
422 4443 486 4508 385
520 4447 552 4507 et
586 4444 649 4510 386
682 4445 855 4509 laudantur
886 4467 904 4509 a
937 4442 1056 4510 Ioanne
1083 4443 1265 4530 Philopono
1299 4445 1333 4508 in

1065 4550 1120 4602 14*
