2970 4980
152 313 194 377 38
312 311 353 366 De
372 308 488 365 scholiis
507 325 541 363 ex
558 306 651 363 Procli
669 308 698 362 et
711 304 821 360 Veteris
841 305 987 359 comment.
1003 299 1161 373 exscriptis.

152 474 335 560 corruptela
361 474 453 558 insit,
481 495 562 558 quae
590 476 699 536 tamen
720 468 902 554 corruptela
924 489 991 532 non
1012 465 1141 531 tollitur
1162 465 1230 531 leni
1253 486 1324 530 con-

152 585 283 649 iectura.
321 580 383 657 Qui
402 583 509 645 autem
528 601 639 644 sensus
657 578 763 663 fuerit,
783 575 933 641 discimus
951 596 968 639 e
986 573 1117 640 scholiis
1136 573 1176 639 ad
1190 572 1324 638 Homeri

152 689 300 776 Iliadem,
332 708 470 772 quorum
502 687 686 751 auctoribus
719 684 846 749 eosdem
872 683 939 747 fere
965 682 1072 746 fontes
1099 681 1200 745 fuisse
1230 685 1323 764 atque

152 796 228 862 huic
250 798 364 860 nostro
387 793 556 876 interpreti
579 793 664 857 infra
686 789 968 856 demonstrabitur.
1009 786 1061 852 hd
1078 787 1107 852 B
1127 787 1191 852 103
1215 787 1324 873 legun-

154 908 208 968 tur
235 902 314 967 illic:
345 903 404 966 τὸν
432 897 469 965 δὲ
488 897 572 977 Ἰοῦς
596 902 700 986 ἔρωτα
723 898 784 963 οὐκ
807 893 899 963 οἶδεν
921 896 940 963 ὁ
963 897 1113 979 ποιητής,
1141 892 1324 960 πέπλασται

155 1007 192 1076 δὲ
209 1021 293 1086 τοῖς
311 1005 520 1093 νεωτέροις
538 1008 578 1072 τᾶ
597 1004 671 1090 περὶ
682 1004 814 1092 Ἄργον.
850 1003 1056 1070 Recentiores
1074 1001 1176 1088 igitur
1190 1004 1324 1086 poetae

153 1117 211 1182 illo
234 1116 305 1181 loco
329 1115 584 1201 appellabantur,
605 1133 672 1177 non
694 1111 905 1199 grammatici.

721 1308 751 1372 4.

245 1436 336 1513 Quod
372 1438 499 1519 praeter
535 1433 606 1518 ipsa
642 1431 764 1497 scholia
799 1436 867 1497 tam
903 1431 1010 1516 ampla
1046 1434 1095 1496 est
1128 1432 1213 1517 apud
1247 1431 1325 1498 alios

155 1544 273 1609 veteris
304 1542 394 1608 illius
426 1541 589 1606 doctrinae
620 1539 788 1627 memoria,
818 1539 908 1603 nullo
941 1539 1037 1603 modo
1069 1539 1142 1604 inde
1174 1538 1326 1605 debemus

156 1651 343 1716 concludere
376 1671 568 1734 quemquam
596 1669 635 1711 ex
667 1668 778 1712 eorum
808 1667 956 1733 numero,
984 1667 1064 1730 quos
1092 1646 1327 1734 advocavimus,

155 1758 351 1842 integrum
383 1760 439 1820 aut
470 1754 577 1820 Procli
607 1758 663 1818 aut
694 1753 812 1818 veteris
844 1753 1031 1838 interpretis
1063 1755 1328 1820 commentarium

157 1931 371 2000 emendandum,
395 1930 574 1985 scribendum
597 1931 640 1983 est
662 1929 692 1982 in
715 1928 813 1999 primis
836 1928 942 1983 verbis:
963 1927 1157 1999 Ἀργειφόντης
1180 1927 1211 1983 δὲ
1233 1929 1328 1998 divort

156 2021 243 2091 ἀργὸς
265 2017 365 2090 φόνον,
390 2019 529 2089 εἰρηνικὸς
552 2018 604 2088 γὰρ
624 2021 679 2072 κτλ.
718 2017 814 2072 Simile
838 2017 906 2086 quid
930 2017 1147 2072 commendabat
1168 2017 1227 2072 iam
1245 2020 1328 2075 Hem·

54 2185 57 2189 ,
157 2108 311 2163 sterhusius
327 2109 363 2162 ad
374 2108 530 2162 Lucianum
543 2109 555 2161 I
569 2126 595 2177 p.
606 2113 667 2161 489.
687 2106 795 2161 Heinsii
811 2105 971 2160 coniectura
981 2106 1097 2176 (tradita
1113 2107 1143 2159 in
1158 2108 1329 2164 scholiorum

157 2198 224 2252 edit.
246 2196 385 2252 Gaisfcrd.
405 2215 431 2250 n.
452 2199 510 2265 52):
529 2192 721 2266 Ἀργειφόντης
740 2193 770 2249 δὲ
790 2194 852 2262 ἤτοι
870 2194 885 2249 ὁ
906 2195 1055 2266 ἐναργῶς
1072 2205 1209 2266 φωνῶν·
1230 2197 1329 2269 ἑρμη-

157 2286 315 2349 νεντικὸς
334 2284 396 2356 γάρ
416 2290 471 2340 κτλ.
492 2288 566 2339 stare
584 2302 641 2338 non
659 2286 761 2354 potest,
781 2283 848 2352 quia
866 2284 967 2338 huius
987 2284 1201 2355 significationis
1220 2287 1331 2342 nullum

157 2375 309 2446 vestigium
326 2374 478 2443 reperimus
498 2374 543 2428 vel
557 2374 587 2427 in
600 2373 771 2444 plenissimis
788 2373 922 2428 fontibus.
952 2374 1029 2439 Quae
1044 2374 1148 2429 similia
1162 2375 1267 2431 Tzetza
1281 2377 1331 2432 ha·

156 2466 222 2519 bere
241 2464 393 2533 videtur,
413 2481 447 2518 ea
466 2482 530 2518 cum
548 2463 670 2518 eProcli
689 2462 803 2517 scholiis
821 2463 934 2517 fluxisse
954 2463 1246 2534 demonstraverimus,
1268 2483 1331 2521 cum

157 2554 201 2608 his
216 2572 273 2608 non
292 2556 357 2608 sunt
374 2553 576 2624 permiscenda.
605 2552 700 2607 Etiam
717 2554 783 2621 post
797 2549 905 2616 Νέσσος
923 2551 955 2607 δὲ
975 2553 989 2608 ό
1003 2558 1071 2617 Χῖος
1086 2553 1275 2623 supplendum
1289 2560 1332 2612 est

158 2643 308 2713 διάκτορον
327 2641 409 2713 λέγει.
441 2643 479 2696 Et
497 2659 560 2696 cum
578 2641 622 2695 his
642 2641 768 2696 conferas
782 2641 964 2695 Eustathium
982 2643 1020 2697 ad
1033 2643 1064 2697 Il.
1079 2661 1106 2712 p.
1118 2648 1206 2712 182‚8
1222 2644 1280 2700 ἔστι
1300 2645 1331 2702 δὲ

158 2732 305 2802 διάκτορος
324 2730 406 2802 μὲνῆ
426 2731 440 2786 ὁ
456 2731 593 2801 διάτορος,
614 2726 701 2785 όέστι
721 2730 813 2799 σαφὴς
832 2730 861 2785 ἐν
875 2730 937 2795 ταῖς
950 2729 1102 2803 ἀγγελίαις·
1122 2732 1207 2801 τορὸν
1226 2734 1281 2805 γάρ
1300 2736 1331 2790 τὸ

157 2821 257 2891 πρανὲς
271 2823 320 2876 καλ
330 2817 430 2890 σαφές·
445 2817 463 2888 ἢ
478 2820 572 2874 dated
587 2828 668 2874 τοῦτο
685 2818 799 2890 ἄγγελος
813 2820 869 2874 άπὸ
884 2829 933 2874 τοῦ
949 2820 1006 2892 ἄγω
1022 2820 1050 2888 ἐξ
1065 2817 1098 2876 οὗ
1113 2822 1190 2877 καὶὸ
1206 2823 1331 2895 ἄγγελος.

159 2908 274 2982 ἄγγελός
296 2928 325 2963 τε
349 2908 402 2979 γάρ
422 2908 546 2962 ἀπὸτοῦ
567 2908 646 2978 ἄγειν
665 2910 798 2978 φαίνεται
820 2906 951 2978 γίνεσθαι
970 2910 1018 2964 καὶ
1037 2909 1159 2980 διάκτωρ
1178 2911 1210 2966 δὲ
1231 2911 1334 2984 ὁμοίως

158 2999 285 3054 ἀπὸτοῦ
305 2997 376 3068 ἄγω,
403 2996 494 3066 ὥσπερ
518 2997 575 3051 ἀπὸ
597 3006 647 3051 τοῦ
671 2994 739 3067 λέγω
762 2995 864 3067 λέκτωρ
888 3000 937 3052 καλ
959 2997 1088 3069 άλέκτωρ.
1125 3000 1157 3054 τό
1181 2999 1213 3055 δὲ
1239 3001 1333 3073 ἄκτωρ

161 3086 261 3142 κλιθὲν
280 3087 320 3149 εἰς
337 3085 389 3154 τὴν
409 3086 526 3154 ἄκτορος
544 3087 658 3157 γενικὴν
676 3083 812 3155 πεποίηκε
826 3095 860 3158 τῇ
879 3087 919 3150 εἰς
937 3088 1027 3160 ἀρχὴν
1046 3090 1193 3161 ἄναδρομῇ
1212 3091 1335 3148 attalae

159 3175 210 3244 τὴν
235 3175 249 3230 ό
274 3173 421 3242 διάκτορος
444 3175 504 3242 ἤτοι
528 3175 543 3230 ὁ
567 3175 689 3247 ἄγγελος.
726 3176 803 3230 Haec
826 3193 937 3245 quoque
961 3193 995 3231 ex
1018 3178 1116 3233 eodem
1138 3180 1217 3235 fonte
1243 3181 1334 3237 fuisse

158 3282 215 3318 non
234 3266 345 3318 tantum
363 3263 495 3318 vicinitas
514 3281 617 3333 eorum,
636 3281 709 3333 quae
728 3283 811 3335 snpra
824 3265 1027 3336 proposuimus,
1047 3283 1144 3321 verum
1162 3268 1250 3323 etiam
1268 3270 1335 3341 ipsa

158 3352 232 3407 ratio
261 3351 404 3406 tractandi
430 3353 545 3422 probat,
579 3355 779 3423 confirmatque
807 3354 894 3409 etiam
920 3355 1113 3410 testimonium
1140 3356 1334 3430 Etymologici

159 3441 290 3510 Gudiani,
309 3441 339 3494 in
358 3458 412 3509 quo
431 3440 563 3510 leguntur
581 3445 617 3512 (p.
635 3449 693 3512 143,
709 3447 767 3514 39):
787 3445 979 3512 διάκτορος·
1000 3444 1062 3512 ἤτοι
1080 3446 1212 3516 διάγορος
1231 3447 1281 3502 διᾶ
1300 3451 1335 3505 τὸ

158 3528 253 3602 λόγιον
273 3525 358 3586 εἶναι·
379 3528 396 3598 ἢ
415 3529 493 3598 παρᾶ
511 3529 542 3583 τὸ
562 3529 635 3600 ἄγω,
659 3531 729 3599 ἄξω,
754 3531 858 3602 ἄκτωρ,
883 3533 1023 3604 ἄγγελος
1041 3533 1103 3604 γὰρ
1121 3544 1186 3590 τῶν
1204 3540 1297 3594 θεῶν
1319 3540 1334 3595 ὁ

155 3617 286 3689 Ἑρμῆς.
325 3617 473 3682 διάκτορος
499 3621 663 3691 πλεονασμῷ
690 3628 741 3674 τσῦ
768 3626 798 3673 κ·
828 3619 957 3690 διάτορος
984 3621 1045 3692 γάρ.
1083 3624 1115 3676 In
1142 3624 1200 3679 illis
1228 3627 1334 3698 verbis,

159 3725 231 3776 quae
250 3707 353 3762 clarius
377 3705 494 3776 exprimi
516 3705 586 3760 iussi
609 3711 638 3762 et
661 3724 733 3775 quae
755 3725 814 3779 per
837 3726 871 3764 se
894 3709 967 3764 nihil
989 3711 1131 3780 pertinent
1155 3713 1192 3767 ad
1210 3714 1333 3786 lexicon,

158 3797 294 3851 habemus
312 3796 511 3867 gravissimum
529 3800 733 3867 argumentum,
755 3814 816 3852 esse
834 3799 937 3854 veteris
956 3799 1117 3870 interpretis
1136 3801 1207 3857 haec
1227 3804 1332 3860 omnia.

158 3887 218 3940 Hoc
236 3886 282 3940 vel
300 3885 392 3956 magis
412 3885 547 3956 elucebit,
573 3885 597 3940 si
615 3885 667 3941 illa
686 3904 749 3941 cum
767 3887 811 3942 his
830 3889 1006 3958 Moschopuli
1026 3890 1062 3943 ad
1080 3908 1105 3944 v.
1122 3896 1156 3946 68
1174 3893 1212 3961 (p.
1228 3897 1270 3963 91,
1287 3898 1334 3965 11)

159 3975 377 4043 comparaveris:
398 3974 557 4044 διάκτορος,
577 3975 591 4030 ὁ
611 3975 808 4047 μεγαλόφωνος
826 3981 862 4047 (l).
896 3977 1041 4044 πλεονάζει
1060 3978 1088 4033 δ’
1110 3975 1141 4034 όν
1160 3982 1236 4054 αὐτῷ
1255 3983 1286 4036 τό
1304 3989 1332 4053 τί,

160 4061 250 4132 ὥσπερ
275 4063 304 4117 ἐν
328 4069 365 4136 τῷ
389 4063 572 4134 άλνκτοπέδιγ.
610 4067 642 4120 τό
662 4064 784 4138 μὲνγὰρ
807 4067 865 4121 ἀπὸ
888 4075 938 4122 τοῦ
960 4067 1101 4137 διάτορον,
1121 4068 1135 4123 ὁ
1155 4068 1265 4140 λέγεται
1284 4066 1333 4126 ἐπὶ

160 4160 256 4221 φωνῆς
280 4147 394 4207 ἒντόνον
416 4153 464 4207 καὶ
482 4153 607 4224 ἰσχυρᾶς·
634 4155 665 4209 τὸ
685 4153 716 4209 δὲ
735 4156 860 4210 ἀπὸτοῦ
880 4155 979 4219 ἄλντος
996 4158 1045 4211 καὶ
1063 4157 1095 4211 τό
1113 4155 1195 4228 πέδη.
1231 4157 1332 4230 Ἀργει-

159 4239 265 4310 φόντκγς
279 4239 310 4295 δὲ
325 4245 380 4296 κτλ.
405 4242 437 4295 In
451 4242 646 4315 Etymologico
660 4244 765 4314 Magno
780 4248 815 4314 (p.
831 4251 892 4313 268,
908 4249 953 4317 15)
968 4249 1034 4301 sunt
1048 4247 1196 4318 quaedam,
1211 4266 1330 4318 quorum

160 4330 259 4384 eadem
282 4329 360 4400 origo
384 4329 452 4400 quin
475 4330 571 4401 fuerit,
600 4331 725 4387 dubitari
747 4332 858 4403 nequit,
883 4334 932 4388 sed
955 4333 1012 4388 alia
1032 4334 1118 4389 etiam
1140 4335 1277 4406 plurima,
1295 4337 1331 4392 de

160 4418 262 4488 quibus
280 4418 311 4472 id
328 4436 379 4490 pro
398 4421 474 4475 certo
492 4438 550 4475 non
569 4422 659 4476 ausim
678 4421 824 4478 affirmare.
