2970 4980
399 363 441 418 De
460 361 581 433 Operum
599 362 727 418 versibus
747 363 783 417 ab
802 363 927 432 antiquis
946 364 1078 420 laudatis.
1266 365 1331 431 185

153 547 230 610 gros
249 528 391 610 exceptis
410 528 518 592 verbis
537 529 692 611 cuiusque
710 527 905 615 novissimis,
923 528 988 593 nisi
1007 528 1093 613 quod
1111 551 1222 594 versus
1241 531 1331 595 tertii

153 633 267 698 decimi
289 635 405 719 papyri
427 635 447 699 i.
467 657 492 699 e.
512 659 540 699 v.
561 635 625 700 182
653 638 726 699 octo
750 635 872 700 mediae
900 636 966 701 fere
988 636 1116 701 litterae
1138 640 1276 722 restant3
1299 640 1331 701 et

154 763 254 824 aeque
277 742 373 806 facies
397 765 490 807 versa
513 746 580 807 tam
604 746 653 807 est
676 741 739 806 hoo
761 741 832 807 loco
851 741 1010 829 mutilata,
1033 747 1069 807 ut
1092 766 1197 807 merae
1220 744 1332 808 ruinae

152 847 337 913 litterarum
360 871 471 915 versus
490 849 597 914 ultimi
617 849 761 934 dignosci
780 850 908 933 possint
927 848 969 937 (v.
989 850 1074 914 infra
1092 874 1123 934 p.
1139 849 1229 938 191),
1252 873 1331 935 quas

154 977 204 1019 res
228 978 279 1020 me
301 955 527 1022 liberalissime
550 980 608 1041 per
630 956 755 1020 litteras
780 956 889 1021 docuit
910 955 1067 1022 Nicolius.

243 1061 281 1127 ln
310 1086 404 1129 versu
430 1065 491 1129 177
520 1068 645 1150 pugnat
675 1087 747 1128 cum
776 1063 934 1128 librorum
964 1064 1199 1129 Hesiodeorum
1228 1066 1332 1129 forma

152 1172 336 1237 παύσονται
359 1172 474 1255 papyri
497 1171 525 1235 B
548 1174 725 1254 παύονται,
756 1170 841 1254 quod
872 1193 937 1236 non
966 1171 1071 1235 solum
1099 1194 1166 1235 non
1193 1175 1243 1236 est
1265 1194 1332 1236 cor-

153 1282 300 1363 ruptum,
329 1301 440 1342 verum
469 1278 651 1343 habendum
681 1278 777 1343 lectio
809 1279 946 1364 optima3
976 1278 1156 1361 contrade
1184 1279 1331 1343 versibus

157 1384 333 1449 178-180
361 1386 567 1451 consentiunt
590 1386 675 1450 inter
698 1408 732 1449 se
755 1386 831 1450 libri
855 1390 887 1450 et
910 1385 951 1470 B,
979 1386 1018 1451 de
1039 1407 1134 1450 versu
1160 1386 1221 1449 181
1246 1386 1333 1469 libri,

152 1491 192 1576 B,
212 1489 374 1556 Aristides
397 1493 432 1557 111
462 1492 585 1558 Rornae
612 1492 695 1557 laud.
719 1492 735 1557 I
755 1492 830 1579 369,
851 1493 867 1555 1
892 1492 1002 1578 Dind,
1026 1491 1165 1557 Zonaras
1189 1516 1219 1577 p.
1248 1494 1331 1557 1726

152 1621 181 1663 v.
200 1597 377 1682 τελέθωσι,
401 1596 480 1686 (nisi
502 1600 555 1664 hio
578 1599 775 1664 omittendus
798 1600 908 1683 potius
932 1603 994 1685 est,
1019 1600 1105 1683 quod
1128 1622 1167 1662 ex
1191 1597 1332 1665 (11101110-

152 1705 253 1770 bosco
277 1728 335 1770 sua
356 1705 495 1793 hausit),
517 1708 556 1771 de
583 1729 679 1771 versu
705 1707 768 1771 182
790 1707 868 1771 libri
892 1710 924 1770 et
946 1707 984 1793 Β,
1007 1710 1164 1790 quantum
1186 1706 1233 1770 ibi
1255 1707 1333 1792 legi-

86 1843 88 1846 >
152 1816 221 1897 tur3
244 1835 318 1877 nam
340 1813 424 1878 nihil
446 1817 553 1879 exstat
575 1813 780 1900 11131...τὴρ
804 1811 1092 1879 παίδε...-Α(1
1109 1836 1137 1878 v.
1160 1814 1221 1879 186
1247 1814 1333 1897 quod

153 1923 232 1984 sunt
262 1920 318 2003 qui
340 1920 441 1985 Marci
468 1920 628 1986 Antonini
657 1921 797 1985 referent
830 1933 896 1986 τῶν
925 1923 972 1999 εἰς
1001 1919 1086 1986 ἑαντ.
1105 1925 1191 2006 βιβλ.
1210 1920 1257 1986 XI
1276 1918 1331 2003 td'

153 2025 340 2111 μέμψονται
370 2023 401 2093 d’
434 2028 555 2114 ἀρετὴν
586 2034 742 2114 χαλεποῖς
775 2028 931 2112 βάζοντες
963 2031 1098 2094 ἔπεσσιν
1130 2025 1201 2114 (ubi
1234 2029 1332 2092 codex

152 2133 344 2198 veterrimus
363 2131 393 2198 A
411 2133 654 2221 βαστάζοντες),
683 2135 794 2198 malim
822 2156 881 2218 ego
912 2134 974 2198 hoo
999 2134 1183 2221 neglegere,
1215 2135 1334 2219 quippe

152 2239 241 2323 quod
272 2241 342 2304 loco
374 2241 553 2305 testimonii
585 2264 652 2306 non
678 2241 821 2306 habeam.
866 2241 953 2307 Nam
979 2241 1093 2324 nequit
1120 2241 1333 2305 demonstrari

153 2347 195 2411 ab
219 2346 361 2412 Hesiodo
389 2346 592 2412 Antoninum
621 2348 700 2414 haec
729 2348 828 2412 verba
858 2370 951 2411 suum
981 2347 1016 2411 in
1044 2369 1139 2411 usum
1169 2369 1239 2411 esse
1267 2370 1333 2410 mu·

152 2458 297 2541 tuatum,
326 2476 398 2519 cum
426 2455 553 2519 nullum
583 2457 626 2520 sit
661 2455 806 2520 additum
836 2454 971 2518 verbum
1004 2453 1153 2537 absitque
1184 2454 1333 2537 inprimis

153 2584 272 2626 nomen
294 2565 416 2645 poetae.
440 2600 484 2609 -
506 2561 575 2627 Nec
598 2566 674 2626 sunt
701 2563 805 2626 instar
831 2561 964 2624 testium
986 2559 1195 2646 Eustathius,
1222 2564 1334 2624 auctor

152 2668 263 2752 Etym.
282 2667 403 2754 Magni,
427 2667 608 2733 Scholiasta
626 2668 720 2734 Hom.
741 2668 780 2732 ad
802 2666 919 2754 Ρ197,
941 2667 998 2751 qui
1020 2689 1120 2735 voces,
1136 2668 1334 2753 γηράντεσσι

153 2786 307 2841 τοκεῦσιν
325 2796 436 2840 versus
458 2775 520 2839 188
544 2775 769 2860 laudavenmt3
793 2797 874 2858 quos
892 2774 1007 2838 debere
1030 2798 1088 2839 sua
1107 2772 1333 2839 Choerobosoo

153 2873 293 2947 uidimus
324 2904 422 2965 supra
454 2905 483 2965 p.
504 2882 548 2948 84
571 2885 650 2946 extr.
694 2880 747 2946 Ad
775 2904 805 2945 v.
826 2882 1009 2946 leo-196
1039 2881 1123 2945 nihil
1155 2881 1334 2944 deteximus

153 2989 231 3054 novi
242 2989 284 3052 in
302 2987 433 3054 Stobaei
447 2989 552 3072 capite
570 2987 646 3072 περὶ
664 2992 781 3065 κακίας
794 2986 827 3052 ΙΙ
842 2991 861 3052 9
878 2987 921 3073 (p.
938 2988 1002 3052 180
1012 2985 1145 3074 Hense),
1163 2988 1227 3051 nisi
1247 2988 1333 3070 quod

154 3097 190 3160 in
210 3119 237 3160 v.
260 3096 321 3160 191
342 3095 451 3180 plures
471 3096 539 3160 eius
562 3096 639 3160 libri
658 3096 812 3160 exhibent
835 3093 904 3160 οὔτ’
928 3096 1069 3178 ἀγαθοῦ,
1092 3098 1204 3159 contra
1221 3093 1333 3158 Escur.

153 3206 188 3267 et
210 3199 310 3266 Paris.
347 3200 420 3268 οὐδ’
448 3202 580 3285 ἀγαθοῦ
609 3199 706 3289 (liber
729 3201 908 3266 Hesiodeus
931 3201 961 3265 D
987 3201 1106 3265 mirum
1134 3202 1168 3265 in
1190 3201 1333 3265 modum:

155 3311 233 3375 οὔτε
254 3307 404 3396 ’γαθοῦ);
428 3309 484 3374 sed
502 3309 564 3373 hoc
581 3308 665 3373 nihil
688 3309 727 3373 ad
745 3331 814 3373 nos.
832 3347 877 3354 —
894 3308 927 3373 N
928 3330 963 3372 ec
980 3309 1161 3392 ‘quidquam
1186 3312 1235 3372 est
1252 3309 1334 3373 lucri

155 3440 194 3481 ex
222 3416 410 3481 testimonio
443 3415 540 3480 schol
565 3414 606 3479 ad
629 3414 727 3499 Soph.
750 3413 832 3479 Phil.
852 3439 880 3479 v.
905 3416 971 3480 456
1001 3413 1046 3502 (p.
1065 3415 1130 3481 365
1148 3414 1250 3501 Pap),
1278 3416 1334 3499 qui

154 3528 281 3607 partem
311 3544 422 3587 versus
455 3522 518 3586 193
553 3523 646 3587 affert
676 3525 713 3586 ut
745 3522 941 3586 simillimam
972 3545 1083 3587 versus
1115 3521 1285 3606 Sophoclei
1316 3523 1333 3588 ὁ

155 3633 254 3707 κακὸς
278 3639 354 3716 νικᾷ
375 3632 436 3695 τὸν
458 3629 598 3712 ἀγαθόν,
622 3629 712 3693 cuius
736 3629 826 3693 verbi
849 3629 955 3693 forma
976 3629 1138 3712 praesenti
1161 3628 1333 3711 perductus

156 3737 288 3821 scripsit
306 3736 442 3822 βλάπτει
461 3758 520 3819 pro
540 3735 673 3820 βλάψει,
692 3736 744 3800 vel
757 3759 796 3801 ex
810 3736 912 3800 lexico
926 3735 1170 3800 Vindobonensi
1184 3757 1214 3817 p.
1231 3736 1273 3799 96
1283 3733 1335 3831 N,
1465 3736 1467 3741 ’

157 3844 243 3928 quod
272 3844 328 3928 qui
361 3843 563 3927 conscripsit,
593 3864 721 3907 versum
754 3841 816 3907 195
846 3841 956 3906 laudat
991 3841 1030 3905 ad
1064 3841 1333 3924 comprobandam

157 3950 425 4036 significationem
444 3953 574 4034 φθόνος
601 3949 688 4013 vocis
713 3953 807 4033 ζῆλος
825 3949 1053 4032 conspiratque
1073 3946 1146 4013 oum
1164 3947 1333 4013 Hesiodeis

156 4058 258 4122 libris.

244 4165 390 4248 Excepto
413 4164 569 4229 vocabulo
594 4168 757 4248 postremo
785 4163 906 4247 legitur
935 4185 1046 4227 versus
1073 4163 1134 4228 197
1160 4185 1233 4228 oum
1256 4185 1333 4227 voce

159 4278 231 4355 ἴτην
254 4294 282 4337 r.
304 4272 378 4358 199,
400 4294 494 4336 versu
514 4272 580 4335 200
603 4272 740 4356 integro,
762 4270 877 4354 primis
900 4269 1006 4334 verbis
1026 4293 1137 4335 versus
1161 4270 1223 4334 291
1249 4269 1334 4352 apud

159 4379 366 4444 scholiastam
393 4377 590 4461 1101111165
614 4376 644 4466 (I
664 4375 769 4464 84D.)
798 4377 971 4461 eodemque
1002 4377 1096 4441 modo
1129 4377 1164 4440 in
1191 4374 1334 4440 Crameri

155 4485 276 4551 Aneod.
295 4484 365 4550 Par.
380 4484 429 4550 ΠΙ
447 4509 477 4570 p.
491 4485 567 4572 429,
586 4486 616 4573 3,
630 4485 687 4549 ubi
700 4489 808 4549 tamen
823 4483 904 4549 abiit
917 4506 977 4568 pro
991 4483 1117 4549 librarii
1131 4473 1334 4568 neglegentia
