2970 4980
356 339 489 410 Didymei
507 341 544 395 ad
564 341 656 410 Opera
675 341 868 397 commentarii
886 342 1053 412 fragmenta.
1230 343 1293 409 155

120 504 376 589 οὒς-Φιλόχορος
399 503 487 588 λέγει
511 503 565 570 καὶ
591 506 824 591 Κλειτόδημος,
848 505 1028 592 ἀμφότεροι
1053 506 1203 591 ἐξηγηταὶ
1226 519 1293 573 τῶν

120 613 269 696 πατρίων
297 612 425 697 ἄνδρες.
475 609 560 676 Nam
590 612 768 697 requiritur
790 613 883 677 credo
908 612 1039 677 alterius
1062 613 1217 678 Atthides
1241 638 1293 678 au-

120 717 219 782 ctoris
242 740 368 784 nomen.
413 718 522 783 lame
545 742 580 784 re
603 723 653 784 est
675 719 780 784 visum
804 742 877 785 cum
898 718 1093 785 Philochoro
1116 721 1292 786 clarissimo

120 825 382 909 antiquissimum
414 827 622 914 coniungere,
654 848 749 910 quem
780 827 881 892 fuisse
910 825 1125 892 Glitodemum
1155 831 1293 893 testatur

120 932 346 997 PausaniasX
369 932 419 1018 15,
437 932 466 998 5.
521 933 642 998 Tamen
673 956 742 998 rem
772 934 926 998 incertam
954 956 1023 998 esse
1050 934 1119 1019 ipse
1147 935 1293 1000 concedo,

120 1039 165 1103 Et
187 1039 258 1104 loco
282 1037 357 1126 περὶ
380 1040 522 1127 ἡμερῶν,
545 1062 616 1105 cum
639 1024 692 1105 1111
710 1040 898 1107 Philochori
919 1041 1002 1105 liber
1021 1040 1148 1105 aliunde
1166 1063 1233 1105 non
1251 1042 1293 1105 sit

120 1150 217 1211 notus
245 1147 406 1230 verbaque
435 1148 602 1231 potuerint
629 1168 736 1212 errore
762 1148 851 1212 nasci
879 1169 918 1212 ex
946 1171 980 1212 re
1008 1148 1078 1232 ipsa
1107 1148 1141 1212 in
1164 1147 1294 1212 scholiis

121 1253 292 1341 explicata,
318 1254 456 1318 fortasse
484 1258 532 1318 est
560 1253 763 1319 scribendum
789 1253 865 1340 περὶ
888 1261 1033 1340 θυσιῶν,
1061 1255 1180 1340 quippe
1203 1256 1294 1319 cuius

119 1360 197 1425 libri
224 1359 296 1425 aliis
325 1382 452 1444 quoque
476 1361 672 1426 testimoniis
694 1362 816 1426 firmati
839 1365 1065 1447 argumentum
1089 1362 1293 1445 aptissimum

121 1467 165 1532 sit
189 1466 301 1532 adres
326 1489 432 1532 sacras
455 1467 647 1532 tractandas.

209 1573 413 1639 Postremum
452 1574 585 1659 Didymi
625 1557 843 1660 fragmentum
883 1576 1062 1640 invenimus
1099 1577 1134 1640 in
1170 1576 1292 1642 scholio

121 1679 339 1747 Choerobosci
362 1682 402 1746 ad
424 1704 552 1747 versum
576 1685 775 1766 postremum
793 1705 823 1766 p.
838 1682 914 1769 447,
929 1683 984 1747 17:
1008 1685 1137 1760 τούτοις
1161 1679 1198 1748 dl
1218 1683 1293 1748 ἐπά-

121 1792 240 1872 γουσίν
262 1812 351 1866 τινες
373 1789 434 1872 τὴν
449 1786 757 1874 Ὀρνιθομαντείαν,
784 1791 880 1854 ἅτινα
896 1787 1115 1867 Ἀπολλώνιος
1139 1789 1294 1868 ὁῬόδιος

121 1894 271 1983 dorecil)
327 1893 414 1971 Quae
446 1895 545 1960 verba
578 1895 737 1979 quomodo
766 1896 832 1960 sint
860 1896 1081 1982 intelligenda,
1103 1897 1205 1962 adhuc
1234 1895 1293 1961 sub

121 2002 225 2067 iudice
252 2003 294 2067 lis
322 2006 388 2067 est..
425 1999 571 2089 aranu),
599 2003 656 2086 qui
683 2003 847 2068 crederent
874 2003 914 2067 ab
938 2003 1113 2088 Apollonio
1136 2005 1295 2088 proscribi

122 2109 428 2195 Ornithomantiam‚
443 2110 535 2174 cuius
554 2109 704 2174 carminis
721 2110 761 2173 ad
780 2108 884 2194 Opera
903 2110 1018 2175 adnexi
1036 2132 1148 2175 causas
1167 2132 1294 2195 quaere-

121 2217 202 2281 bant
226 2239 264 2282 11
287 2217 460 2301 postremis
485 2239 596 2282 eorum
619 2217 774 2282 versibus.
827 2214 949 2282 Contra
972 2215 1077 2306 aliis³)
1100 2216 1294 2302 Apollonius

122 2324 253 2408 insuper
268 2323 348 2390 duos
363 2323 434 2410 (cur
451 2345 519 2388 non
537 2321 639 2411 tres?)
659 2328 840 2408 postremos
858 2345 970 2388 versus
985 2323 1126 2408 Operum
1140 2324 1294 2390 delevisse

120 2430 209 2496 visus
229 2435 276 2496 est
296 2430 336 2495 ed
354 2431 457 2495 artius
478 2430 700 2515 coniungenda
719 2431 861 2495 carmina
878 2431 986 2516 fictos3
1011 2431 1146 2514 denique
1167 2433 1295 2496 exstite-

121 2535 241 2626 runt4),
260 2539 315 2623 qui
331 2538 484 2622 suspicati
498 2537 632 2602 eundem
647 2537 797 2602 adfinem
812 2541 915 2601 totam
929 2537 1013 2602 hanc
1024 2537 1157 2602 Dierum
1171 2541 1295 2622 partem

120 2649 240 2732 postea
266 2666 335 2709 esse
367 2645 581 2729 conscriptam
609 2649 717 2710 tamen
747 2644 830 2709 hanc
858 2667 949 2709 suam
978 2645 1169 2710 sententiam
1196 2644 1295 2731 Apol-

120 2750 203 2816 lonii
230 2774 358 2836 quoque
384 2753 485 2817 fuisse
512 2774 579 2816 non
606 2752 733 2837 possint
760 2752 934 2838 affirmare,
961 2774 1042 2837 quos
1070 2776 1139 2817 eam
1163 2753 1295 2817 obrem

120 2880 208 2923 nunc
217 2859 448 2945 praetermitto.
481 2858 590 2943 Atque
599 2858 726 2923 Lehrsii
738 2881 921 2944 eorumque,
936 2859 991 2943 qui
1007 2881 1079 2923 eum
1094 2863 1169 2923 sunt
1185 2860 1296 2946 secuti,

123 2966 317 3031 sententiam
340 2987 473 3050 prorsus
496 2966 654 3050 improbe.
699 2963 785 3030 Nam
807 2966 869 3031 hoc
893 2989 968 3030 sane
989 2987 1098 3030 omnes
1121 2965 1295 3051 negabunt,

120 3078 256 3159 propter
274 3096 374 3138 unum
393 3095 520 3138 versum
535 3073 609 3159 828,
633 3073 689 3157 qui
708 3095 781 3137 cum
800 3073 866 3138 ullo
890 3073 1148 3158 praecedentium
1171 3074 1295 3138 conecti

120 3181 248 3267 nequit,
280 3181 441 3264 verbaque
473 3183 615 3270 ὄρνιθας
644 3183 783 3268 κρίνων,
813 3180 930 3263 quibus
963 3202 1046 3245 nova
1078 3184 1174 3264 atque
1207 3169 1295 3245 inau-

121 3287 191 3351 dita
213 3309 264 3352 res
288 3287 407 3352 dicitur
430 3291 527 3371 atque
549 3287 583 3350 id
605 3287 639 3351 in
662 3291 825 3371 postrema
847 3291 938 3372 parte
961 3287 1126 3375 carminis,
1144 3286 1312 3352 Ornith0-'

121 3396 278 3460 mantiam
310 3395 522 3479 compositam
551 3416 634 3479 esse,
665 3398 703 3458 ut
734 3394 807 3458 inde
834 3395 1022 3460 concludere
1044 3395 1140 3460 liceat
1167 3416 1295 3459 versum

121 3501 268 3585 ineptum
296 3502 511 3586 antiquiorem
538 3524 606 3566 csse
633 3501 695 3566 hoc
723 3502 948 3586 antiquissimo
976 3503 1124 3567 carmine.
1174 3500 1296 3567 Contra
1327 3564 1330 3571 .

121 3610 208 3672 recte
235 3606 473 3674 Schoemannus
501 3609 689 3694 provocavit
716 3607 756 3672 ad
784 3608 988 3694 Theogoniae
1011 3608 1091 3672 duos
1114 3613 1295 3692 postremos

213 3769 238 3836 1)
261 3766 302 3821 De
332 3766 476 3836 Apollonii
503 3765 608 3820 Rhodii
636 3766 738 3820 studiis
770 3765 917 3820 Hesiodeis
946 3763 1072 3819 conferas
1101 3764 1188 3819 etiam
1216 3764 1295 3819 Scuti

122 3872 182 3926 arg.
200 3855 246 3912 III.

213 3947 239 4014 2)
258 3945 390 4000 Lehrsius
417 3946 448 3999 in
466 3943 646 4014 „Quaesticn
671 3944 807 4013 epicae.“;
834 3941 1092 3997 Marckscheffelius
1115 3942 1146 3996 in
1167 3942 1241 3997 libro
1260 3943 1295 3997 de

120 4032 240 4088 Hesiodi
266 4034 366 4104 fragm.
389 4053 416 4104 p.
433 4040 549 4102 172sq.,
574 4031 754 4087 Vollbehrius
778 4032 809 4085 in
831 4031 1050 4102 prolegomenon
1073 4030 1205 4086 editionis
1228 4047 1295 4085 suae

121 4121 178 4175 fine
199 4141 226 4192 p.
246 4128 293 4192 823
325 4123 358 4179 H.
387 4122 518 4178 Flaohius
547 4121 616 4191 „das
644 4121 760 4176 dialekt.
789 4121 938 4192 Digamma
966 4121 1015 4175 des
1042 4121 1196 4175 Hesiodos“
1226 4125 1294 4175 1876

120 4229 149 4281 p.
166 4214 278 4280 61111.;
299 4211 432 4267 Steitzius
451 4211 572 4280 „Werke
591 4211 649 4264 und
667 4210 745 4281 Tage
764 4210 985 4265 (111Η11111111ιι
1004 4229 1031 4280 p.
1048 4215 1107 4264 181.

212 4301 238 4368 3)
257 4299 466 4355 Schoemannus
494 4299 594 4369 Opusc.
623 4299 709 4354 Acad.
728 4299 768 4352 ΙΠ
782 4318 808 4368 p.
825 4306 871 4363 543
899 4298 1047 4354 Michaelis
1075 4299 1104 4351 in
1128 4297 1294 4366 fragmentis

120 4385 266 4456 Apollonii
284 4388 387 4443 Rhodii
405 4407 431 4458 p.
446 4395 489 4443 42.

212 4478 239 4546 4)
257 4477 395 4550 Bergkius
414 4477 542 4549 „Griech
560 4476 733 4550 ,111111111ιέι
747 4476 760 4530 Ι
775 4479 893 4532 958111.
904 4483 947 4532 42.
