2970 4980
157 283 202 346 44
505 282 546 336 De
565 282 684 337 Tzetzae
703 280 872 337 scholiorum
890 282 977 337 fonte.

157 447 359 512 diiudicanda
386 446 508 513 scholia
536 447 747 531 aptissimum.
788 446 839 511 Ita
862 447 914 533 fic,
941 451 978 512 ut
1001 468 1089 533 raro,
1112 444 1199 530 quod
1218 466 1327 511 verum

158 554 201 619 sit
224 554 259 619 in
280 553 332 618 his
354 554 460 641 rebus,
482 553 591 620 lateat.

245 659 441 725 Accedamus
472 682 558 725 nunc
586 661 625 726 ad
652 661 699 748 id,
730 665 768 727 ut
795 662 1065 748 demonstremus,
1096 658 1259 745 quomodo
1287 659 1328 725 sit

157 768 313 834 utendum
334 766 397 833 hoc
419 768 644 833 instrumento.

726 964 756 1030 5.

245 1089 308 1154 Vel
330 1090 435 1154 obiter
457 1089 601 1176 legentes
624 1090 757 1155 Tzetzae
780 1089 902 1156 scholia
924 1111 992 1156 non
1013 1091 1107 1177 fugit,
1130 1093 1252 1174 quanta
1274 1089 1328 1154 ille

157 1196 288 1262 audacia
324 1196 456 1281 ubique·
481 1197 547 1262 fere
583 1197 754 1263 invehatur
790 1198 825 1262 in
863 1197 1072 1282 interpretem
1108 1197 1328 1262 vetustiorem.

157 1301 276 1369 Statim
299 1304 334 1368 in
355 1304 592 1389 prolegomenis
615 1305 691 1390 suis,
713 1305 853 1369 multum
875 1326 948 1370 eum
968 1304 1131 1389 cavillans,
1154 1303 1328 1387 spopondit

157 1410 306 1475 omnibus
338 1410 373 1474 in
398 1411 494 1475 rebus
526 1412 691 1476 meliorem
723 1411 780 1476 illo
813 1412 1112 1496 interpretationem
1142 1432 1211 1475 sese
1230 1410 1327 1501 ‘datu-

157 1540 229 1582 rum
253 1515 298 1605 (p.
320 1515 389 1606 ll):
418 1518 501 1584 άλλδι
528 1521 567 1584 τά
590 1515 652 1604 μέν
675 1516 887 1604 ἡμαρτημένα
910 1527 954 1607 τῷ
978 1518 1159 1607 σοφωτάτῳ
1184 1519 1326 1606 Πρόκλφ

154 1624 333 1712 περεατέον
356 1649 424 1710 μοι,
447 1624 614 1710 χωρητέον
637 1624 677 1690 δέ
697 1649 754 1711 μοι
777 1626 860 1711 πρὸς
882 1625 944 1708 τήν
967 1624 1129 1709 ἐξήγησιν.
1173 1625 1269 1709 ὑμεῖς
1291 1619 1327 1689 δὲ

155 1730 343 1817 ἀμφοτέρας
374 1733 431 1807 τὰς
464 1730 631 1815 ἐξηγήσεις
662 1728 780 1807 θέντες
812 1730 1005 1814 παράλληλα
1033 1729 1247 1816 άφιλέχθρως
1272 1728 1326 1796 καλ

156 1840 366 1923 φιλαλήθως,
395 1838 474 1914 τοὺς
501 1847 561 1902 τοῦ
589 1839 757 1929 ΠρόκλουΙ
774 1835 829 1902 καλ
856 1839 935 1914 τοὺς
965 1835 1063 1921 ἐμοὺς
1091 1836 1232 1914 άετιδεῑς
1260 1837 1326 1903 έπι-

155 1948 298 2031 κρίνατε,
320 1944 472 2030 ὁπότεροι
494 1945 732 2027 καθαρώτερον
749 1945 833 2030 πρὸς
851 1943 912 2027 τήν
926 1941 1086 2009 Ἡσιόδου
1104 1948 1241 2028 ποίησιν
1259 1950 1325 2011 κτλ.

154 2052 201 2115 At
218 2070 337 2114 nomen
355 2072 449 2115 suum
468 2051 629 2134 quomodo
648 2050 766 2116 solvit?
803 2049 896 2115 Nihil
913 2050 989 2115 fecit
1008 2051 1072 2115 nisi
1090 2051 1262 2136 exscripsit
1276 2051 1325 2117 ad-

154 2156 333 2223 versarium
357 2179 452 2221 suum
474 2157 642 2221 venditans
665 2179 702 2221 ea
726 2157 857 2245 scholia,
880 2179 961 2242 quae
979 2157 1117 2222 vidimus
1136 2159 1240 2223 veteri
1257 2180 1325 2224 esse

154 2263 324 2348 interpreti
351 2265 530 2352 tribuenda,
552 2286 612 2349 pro
639 2265 825 2330 Proclianis.
872 2264 973 2341 Quem
999 2286 1121 2330 morem
1148 2265 1184 2329 in
1210 2287 1325 2331 memo·

154 2371 236 2436 riam
258 2371 321 2436 tibi
343 2373 499 2437 revocabo
523 2372 633 2458 paucis
657 2373 821 2457 exemplis.
858 2370 910 2438 Ad
932 2394 960 2437 v.
980 2370 1045 2437 526
1064 2369 1109 2459 (p.
1129 2369 1209 2459 316)
1227 2372 1325 2438 habet

155 2479 281 2543 Tuetza:
304 2491 466 2564 χειμῶνος
489 2481 551 2566 γάρ
576 2485 701 2545 πολλοῦ
721 2481 896 2562 γεγονότος
914 2481 951 2545 τὸ
970 2480 1094 2565 θήριον
1111 2479 1132 2562 ἡ
1151 2480 1272 2565 ἄρκτος
1290 2479 1325 2546 έν

154 2587 199 2672 τῷ
224 2583 341 2670 ἑαυτῆς
364 2591 482 2673 φωλεῷ
506 2584 678 2671 καθημένη
702 2588 781 2664 τοὺς
800 2587 908 2662 ἰδίους
926 2586 1030 2662 πόδας
1047 2588 1324 2670 περιλιχμάζουσα

155 2693 262 2777 διαζῇ,
292 2702 337 2780 τῷ
370 2692 569 2776 ἀπορεῖσθαι
597 2702 736 2778 τροφῆς·
769 2693 787 2759 ὁ
821 2689 858 2757 δέ
890 2693 1060 2769 πολύπους
1092 2692 1109 2757 δ
1142 2693 1324 2770 θαλάσσιος

153 2801 231 2875 τοὺς
251 2797 371 2865 ἑαυτοῦ
394 2800 584 2884 πλοκάμους
603 2799 719 2865 ἐσθίει.
756 2799 839 2864 ὅθεν
857 2799 1015 2876 πολλάκις
1033 2799 1219 2876 πολύποδες
1238 2801 1322 2884 εὑρί-

154 2921 275 2970 σκοντα
306 2907 535 2991 κολοβόποδες.
578 2904 802 2992 Ἀριστοτέλης
834 2902 871 2970 δὲ
900 2907 973 2971 ὑπὸ
1001 2907 1213 2989 παγούρων
1243 2904 1323 2991 φησλ

153 3012 307 3094 τούτους,
331 3011 391 3095 οὐχ
414 3013 479 3078 ὑπὸ
503 3024 569 3078 τῶν
592 3013 792 3078 πολυπόδων
816 3010 1000 3077 ἐσθίεσθαι.
1046 3011 1168 3077 Eadem
1192 3013 1324 3078 suntin

153 3116 259 3184 Procli
291 3116 429 3204 scholio,
461 3120 547 3202 quod
577 3120 617 3184 ad
649 3119 783 3184 eundem
814 3140 941 3183 versum
970 3117 1013 3204 (p.
1034 3117 1100 3183 315
1114 3116 1176 3206 sq.)
1209 3123 1323 3206 exstat,

154 3223 360 3288 coniunctum
382 3246 455 3288 cum
478 3224 600 3290 scholio
625 3227 741 3290 veteris
764 3226 973 3311 grammatici
1015 3224 1078 3290 Hio
1101 3228 1208 3289 autem
1233 3228 1323 3310 quasi

153 3329 300 3395 faucibus
327 3331 484 3413 premitur
512 3331 616 3396 bonus
644 3332 771 3397 Tzetza:
803 3332 1026 3397 testimonium
1053 3332 1138 3396 enim
1165 3329 1322 3398 Aristote-

153 3437 239 3501 leum
261 3458 325 3501 una
348 3459 421 3501 oum
444 3458 564 3524 errore,
587 3460 651 3522 quo
674 3438 801 3504 laborat
824 3438 892 3504 eius
916 3436 1093 3525 „Proclus“,
1116 3439 1244 3504 furatus
1267 3444 1321 3504 est.

153 3541 266 3628 Neque
303 3543 389 3608 enim
425 3566 562 3627 usquam
594 3543 789 3610 Aristoteles
825 3546 907 3610 dixit
943 3546 1120 3631 polypodes
1157 3546 1221 3611 ὑπὸ
1257 3557 1322 3613 τῶν

152 3653 332 3737 παγούρων
363 3649 538 3716 ἐσθίεσθαι
570 3653 649 3728 τοὺς
680 3652 799 3734 πόδας,
830 3673 942 3716 verum
973 3653 1038 3718 ὑπὸ
1070 3664 1137 3717 τῶν
1169 3655 1322 3737 γόγγρων

154 3752 244 3842 (hist.
259 3759 354 3823 anim.
370 3759 434 3845 8,2
453 3780 483 3842 p.
498 3755 578 3822 590b
595 3754 659 3845 18).
700 3757 771 3821 Iam
788 3758 868 3842 vide,
892 3758 1019 3843 qualem
1038 3780 1072 3823 se
1090 3758 1243 3841 praebeat
1261 3761 1322 3824 iste

152 3863 325 3951 interpres,
357 3864 385 3929 si
415 3864 500 3928 forte
527 3863 703 3929 destitutus
731 3864 775 3929 sit
802 3865 905 3950 fonte,
937 3888 975 3930 ex
1003 3887 1067 3949 quo
1096 3886 1153 3928 sua
1180 3866 1321 3951 exceptis

152 3969 355 4054 paucissimis
387 3971 512 4035 omnia
545 3971 648 4035 soleat
678 3969 816 4035 haurire.
864 3971 964 4036 Velut
994 3970 1169 4035 verisimile
1201 3976 1251 4036 est
1283 3971 1320 4037 ad

152 4099 180 4142 v.
201 4075 265 4142 695
287 4076 394 4141 Procli
418 4076 577 4142 scholium
600 4077 629 4142 ei
651 4099 718 4143 non
735 4083 864 4163 praesto
883 4078 996 4143 fuisse:
1019 4077 1200 4162 periphrasi
1217 4079 1321 4144 utitur

152 4181 197 4271 (p.
222 4180 315 4270 377):
347 4183 494 4271 άρμοδίςο
524 4180 561 4248 δὲ
588 4187 696 4272 χρόνῳ
724 4183 779 4249 καλ
807 4185 899 4272 γάμῳ
929 4187 1187 4269 συναρμόσθηιι.
1234 4185 1321 4268 λέγει

153 4287 190 4356 dl
217 4300 336 4356 τοῦτον
365 4285 450 4355 εἶναι
473 4292 532 4356 τὸν
554 4292 634 4375 μήτε
657 4293 743 4357 πολὺ
767 4289 1033 4375 έπαναβεβηκότα
1056 4302 1123 4357 τῶν
1145 4291 1321 4377 τριάκοντα

154 4396 236 4463 ἐτῶν
259 4399 338 4483 μήτε
361 4400 447 4464 πολὺ
471 4396 655 4465 ἀποδέοντα
728 4395 783 4462 καλ
807 4397 893 4463 οὕτω
916 4395 977 4482 μὲν
1003 4396 1203 4475 όἩσίοδος.
1249 4395 1320 4485 έμολ
