2970 4980
475 330 517 384 De
535 329 711 400 Moschopuli
729 329 898 385 scholiorum
917 328 1002 386 fonte.
1283 332 1326 396 47

155 491 306 576 τάχιστα,
342 492 448 575 ἤγουν
484 494 590 576 πηλὸν
626 504 750 559 ποιεῖν·
788 492 937 558 ἐνθεῖναι
975 489 1012 557 δὲ
1044 492 1131 582 αὐτῷ
1163 495 1327 580 ἁρμονίαν

155 605 266 684 μελῶν
297 598 524 685 ἀνθρωπίνων
550 598 605 665 καλ
635 600 792 684 δύναμιν·
825 599 964 684 ὁμοιοῦν
992 596 1029 664 δὲ
1055 601 1092 665 τὸ
1120 607 1252 687 πλάσμα
1280 605 1328 681 είς

156 708 237 784 όψιν
257 717 329 783 ταῖς
347 705 532 784 ἀθανάταις
550 713 646 785 θεαῖς
664 718 735 783 ταῖς
754 704 948 792 παρθένοις·
968 705 1139 773 τουτέστιν
1157 711 1204 786 είς
1222 711 1327 776 τύπον

156 811 331 900 παρθένου
364 813 444 878 αὐτὸ
472 825 581 879 ποιεῖν
612 810 683 879 κατ’
711 808 799 891 είδος
826 814 1009 900 εὔμορφον,
1042 813 1234 901 ἐπέραστον·
1267 817 1327 900 τὴν

154 916 303 1004 Ἀθηνάν
322 916 359 984 δὲ
375 918 524 985 ἐκέλευσε
543 919 674 998 διδάξαι
693 920 797 1004 αὐτὴν
815 920 876 1002 τὴν
890 921 954 985 ὑπὸ
973 931 1033 986 τού
1049 918 1234 1006 Ἡφαίστου
1247 928 1327 988 πλα-

155 1025 370 1112 σθησομένην
383 1024 566 1112 παρθένον,
582 1026 747 1111 ἐργασίας·
765 1024 848 1110 λέγω
864 1027 1022 1110 ὑφαίνειν
1041 1028 1134 1093 ίστὸν
1152 1028 1241 1093 πάνυ
1255 1051 1328 1094 ποι-

154 1135 263 1199 κίλον·
286 1131 340 1198 καὶ
452 1131 504 1197 Ita
530 1133 586 1198 ille
610 1133 796 1217 saepissime
818 1155 875 1217 per
897 1136 1001 1198 totam
1026 1155 1117 1198 suam
1139 1134 1328 1219 interpreta-

155 1239 285 1304 tionem.
293 1236 318 1326 ¹)
350 1240 395 1305 Et
415 1243 541 1304 constat
561 1262 634 1304 eum
652 1261 718 1304 non
736 1261 800 1304 uno
819 1240 891 1304 loco
911 1240 951 1304 ad
969 1241 1103 1305 verbum
1122 1242 1328 1326 exscripsisse

155 1345 289 1430 antiqua
306 1346 436 1411 scholia.
465 1345 553 1411 Inter
567 1348 670 1411 multa
684 1347 829 1431 exempla
843 1347 986 1412 conferas
1001 1348 1083 1412 adv.
1098 1349 1163 1413 695
1179 1345 1223 1436 (p
1233 1348 1326 1436 378):

154 1455 195 1518 τά
213 1450 275 1538 μὲν
293 1451 369 1537 περὶ
388 1457 561 1531 ναυτιλίας
575 1454 662 1542 αύτῷ
678 1454 882 1541 διατάγματα
896 1452 989 1531 τέλος
1003 1457 1120 1538 ἔχει,τά
1136 1453 1166 1520 δ’
1185 1453 1327 1540 ἑπόμενα

154 1561 251 1625 κοινά
275 1562 376 1644 εἰσιν,
403 1563 450 1637 είς
472 1570 582 1627 πᾶσαν
604 1564 756 1626 τείνοντα
779 1562 840 1644 τὴν
865 1561 950 1643 ζωὴν
972 1572 1039 1626 τῶν
1063 1561 1262 1647 ἀνθρώπων,
1286 1561 1327 1626 ού

153 1670 413 1754 γεωργησόντων
428 1668 467 1732 οὐ
482 1670 857 1754 θαλαττουρνησόντων,
874 1662 922 1734 ὧν
934 1671 1067 1754 πρῶτόν
1082 1667 1149 1732 ἐστι
1164 1670 1201 1733 τὸ
1216 1668 1327 1752 όρίζου

155 1775 215 1839 τὸν
241 1773 317 1861 περὶ
344 1783 405 1840 τού
435 1775 543 1859 γάμου
569 1778 702 1862 καιρόν,
729 1773 784 1840 καλ
812 1785 857 1863 τῷ
881 1778 1062 1859 μαμήσοντι
1084 1772 1139 1839 καλ
1162 1783 1201 1860 τῇ
1224 1799 1327 1859 γαμη-

154 1881 334 1967 θησομένῃ.
371 1880 427 1946 καλ
446 1884 509 1968 γάρ
529 1892 626 1948 τοῦτο
646 1881 836 1947 ἀκόλουθον
854 1877 896 1966 ἦν
914 1891 959 1968 τῷ
978 1883 1037 1947 τὸν
1055 1883 1172 1966 καιρὸν
1190 1883 1327 1968 ἄριστον

155 1982 242 2053 είυαι
269 1997 371 2053 πᾶσιν
394 1995 462 2055 κτλ.
508 1988 595 2065 Quae
624 1992 816 2073 sequuntur,
846 1989 1009 2073 pertinent
1037 1988 1076 2053 ad
1103 1988 1230 2052 inanem
1258 1989 1326 2053 eius

155 2093 394 2178 paraphrasim:
418 2116 455 2159 ea
478 2116 564 2182 vero,
587 2117 668 2180 quae
692 2095 838 2183 apposui,
863 2095 971 2159 omnia
994 2096 1092 2160 etiam
1114 2117 1199 2161 nunc
1221 2095 1326 2161 Procli

155 2201 217 2266 sub
240 2202 370 2266 nomine
393 2205 563 2266 servantur
585 2206 618 2266 et
640 2200 747 2267 Procli
770 2202 838 2266 sine
861 2202 959 2266 dubio
983 2206 1060 2267 sunt
1083 2199 1126 2289 (p.
1146 2200 1235 2291 377).
1275 2201 1327 2266 Ad

153 2331 184 2373 v.
210 2307 275 2373 754
298 2306 343 2395 (p.
366 2307 447 2396 410)
475 2308 590 2393 incipit
616 2308 837 2393 paraphrasis:
865 2312 935 2373 tum
959 2309 1130 2373 confitetur
1152 2309 1270 2373 habere
1293 2331 1327 2374 se

155 2415 312 2500 quaedam
335 2437 352 2480 e
373 2415 489 2480 Proclo
513 2420 545 2480 et
569 2415 739 2500 exscripsit
762 2415 964 2501 adverbum,
988 2437 1069 2500 quae
1091 2437 1176 2480 nunc
1200 2437 1326 2500 quoque

153 2521 323 2587 Procliana
353 2526 522 2587 servantur
550 2520 594 2610 (p.
613 2519 708 2609 409):
741 2522 878 2607 denique
910 2522 1020 2606 posuit
1052 2524 1159 2598 άλλως
1190 2525 1222 2586 et
1248 2521 1327 2587 haec

154 2629 298 2713 scripsit:
328 2630 593 2716 παρακελεύομαι
616 2627 699 2714 μηδὲ
720 2634 942 2716 καθαίρεσθαι
965 2629 1071 2715 άνδρα
1094 2631 1131 2694 τὸ
1155 2640 1248 2714 σῶμα
1271 2631 1327 2694 διὰ

154 2741 298 2822 λουτροῦ
313 2734 465 2819 γυναιξὶν
480 2736 691 2823 ἁρμόζοντος·
706 2735 856 2801 τουτέστι
869 2737 1131 2822 παρακελεύομαι
1146 2736 1190 2820 μὴ
1209 2737 1327 2822 μύροις

153 2841 209 2908 καλ
242 2845 401 2929 χρίσμασί
425 2860 513 2908 τισιν
541 2843 578 2907 ἐν
605 2848 734 2932 λουτρῷ
761 2849 907 2930 χρῆσθαι
935 2843 1055 2929 ἄνδρα,
1088 2832 1139 2918 οἷς
1166 2844 1326 2909 εἰώθασιν

155 2951 193 3015 αί
214 2961 368 3032 γυναῖκες
390 2956 544 3036 χρῆσθαι.
583 2947 665 3015 Sunt
687 2950 766 3016 haec
788 2951 905 3015 veteris
929 2949 1124 3035 interpretis,
1145 2971 1231 3014 nunc
1249 2970 1327 3033 quo-

154 3078 217 3140 que
253 3054 406 3142 leguntur
444 3057 554 3122 eodem
592 3057 684 3143 signo
719 3081 737 3122 a
767 3057 945 3122 Proclianis
978 3056 1081 3121 divisa
1113 3053 1157 3142 (p.
1183 3055 1248 3119 409
1264 3053 1325 3143 sq.)

154 3160 315 3228 Censesne
350 3164 451 3228 istum
482 3162 659 3250 hominem,
695 3164 723 3228 si
754 3165 839 3228 forte
871 3163 973 3249 deest,
1009 3162 1092 3227 unde
1124 3167 1326 3251 coarguatur,

153 3270 287 3355 propria
318 3270 464 3335 dedisse?
502 3269 601 3336 Cuius
630 3271 756 3357 generis
779 3271 928 3336 videntur
958 3269 1053 3355 mihi,
1081 3292 1162 3355 quac
1188 3270 1325 3355 legimus

154 3375 198 3463 (p.
224 3374 282 3463 38)
311 3377 350 3440 ad
378 3377 528 3441 carminis
556 3378 699 3442 initium:
729 3399 811 3464 quae
838 3381 947 3441 tamen
974 3377 1002 3440 si
1031 3377 1104 3462 quis
1126 3377 1224 3442 nimis
1247 3377 1326 3441 trita

154 3505 190 3548 ac
217 3483 364 3569 vulgaria
391 3484 546 3549 iudicabit
574 3506 671 3568 quam
698 3488 735 3549 ut
762 3484 942 3568 exquisitae
969 3480 1135 3571 „Veteris“
1163 3483 1325 3548 doctrinae

154 3590 329 3675 attribuas,
351 3590 408 3654 illa
430 3591 512 3678 vide,
537 3613 618 3674 qnae
641 3592 733 3656 dccet
756 3590 989 3675 Moschopulus
1013 3591 1053 3654 ad
1075 3613 1103 3655 v.
1124 3591 1164 3656 67
1190 3587 1234 3677 (p.
1255 3589 1325 3677 89):

152 3701 261 3776 πόθος
293 3696 333 3762 δέ
364 3696 454 3763 ἐστιν
484 3697 645 3782 ἐπιθυμία
672 3698 873 3785 πραγμάτων
901 3698 1066 3763 ἀπόντων·
1101 3696 1261 3780 ἐπιθυμία
1288 3693 1325 3761 δὲ

153 3802 208 3869 καὶ
236 3805 349 3891 ίμερος
376 3805 413 3869 τὸ
442 3804 537 3886 αὐτό,
564 3802 619 3868 καλ
647 3803 775 3887 λέγεται
804 3802 856 3870 est
880 3816 946 3869 τῶν
969 3806 1158 3889 παρόντων,
1187 3803 1325 3886 δηλοῦσι

155 3907 191 3975 δὲ
215 3911 321 3997 ὁρμὴν
343 3915 452 3995 ψυχῆς
473 3908 529 3975 καλ
551 3913 684 3994 κίνησιν
707 3909 763 3976 ε’πί
783 3935 824 3994 τι,
847 3913 884 3976 τὸ
908 3907 968 3995 μὲν
992 3909 1055 3976 άπὸ
1079 3918 1140 3975 τοῦ
1161 3912 1281 3995 θυμός,
1304 3911 1324 3994 ἡ

156 4026 212 4101 τῆς
243 4026 352 4101 ψυχῆς
382 4021 511 4101 κίνησις
542 4015 597 4082 καλ
631 4016 729 4102 ζέσις,
761 4018 779 4083 ὃ
812 4021 938 4100 γίνεται
971 4016 1034 4083 άπδ
1066 4026 1127 4082 τοῦ
1160 4017 1260 4082 θύειν
1287 4018 1324 4082 τὸ

155 4123 273 4209 ὁρμᾶν·
307 4123 325 4189 ὁ
359 4121 395 4189 δὲ
423 4125 535 4208 ἵμερος
558 4124 608 4189 ὅτι
637 4123 765 4209 ἰέμενος
793 4125 858 4211 ῥεῖ,
881 4124 971 4189 καθά
1000 4139 1103 4208 φησιν
1131 4123 1148 4189 ό
1173 4123 1324 4189 Πλάτων.

155 4232 237 4314 ἔρως
265 4228 304 4295 δέ
309 4280 318 4313 ,
345 4231 455 4308 πάθος
477 4230 603 4310 ἔξωθεν
626 4233 682 4296 διδι
705 4243 773 4298 τῶν
796 4231 952 4315 ὀμμάτων
974 4239 1012 4315 τῇ
1036 4240 1124 4316 ψυχῇ
1149 4232 1325 4317 προσγινό-

245 4461 270 4530 1)
289 4458 328 4514 cf.
348 4479 375 4531 p.
396 4465 455 4528 121,
476 4466 535 4530 124,
556 4465 616 4529 125,
637 4465 687 4515 130
706 4459 826 4530 saepius.
863 4459 949 4515 Plura
967 4459 1041 4514 dabo
1060 4458 1141 4515 infra.
