2970 4980
373 309 504 378 Didymei
524 310 560 364 ad
579 309 671 380 Opera
689 310 883 365 commentarii
900 311 1067 382 fragmenta.
1246 314 1309 377 143

134 472 171 536 in
193 494 240 559 eo,
264 473 320 557 qui
343 473 481 538 aliorum
500 495 628 558 quoque
647 474 831 539 criticorum
850 473 1038 539 Aristarcho
1058 475 1218 539 minorum
1242 475 1309 559 opi-

133 580 247 645 niones
265 580 300 644 in
319 581 549 646 commentario
569 581 797 647 conscribendo
816 604 882 646 non
899 581 1086 667 neglexerit.
1126 581 1180 667 lit,
1201 604 1309 666 quam-

134 709 232 770 quam
263 710 329 753 non
365 688 522 753 contendo
559 689 600 753 ab
637 711 673 754 eo
710 689 748 754 (16
782 712 847 753 una
881 711 1007 773 quaque
1042 689 1201 754 sententia
1237 687 1309 752 Ari-

136 794 282 860 starchea
319 795 420 880 deque
452 795 589 882 singulis
621 797 754 873 διπλαῖς
785 796 985 880 disputatum
1018 817 1096 880 esse,
1129 797 1204 880 quia
1234 795 1310 860 huie

134 902 363 967 commentario
378 923 444 966 non
458 906 526 966 erat
545 901 628 966 idem
647 902 722 966 finis
742 907 839 987 atque
859 903 965 988 operis
980 901 1129 986 Didymei
1143 903 1179 966 in
1191 901 1308 967 Home-

133 1008 210 1073 ricis
235 1009 367 1073 scholiis
391 1009 558 1096 exscripti,
588 1009 674 1093 quod
697 1014 746 1073 est
769 1007 844 1095 περὶ
868 1010 1122 1095 διορθώσεως
1140 1006 1309 1095 Ἀρισταρ-

134 1119 239 1200 ysico,
266 1115 368 1181 nihilo
400 1115 508 1180 minus
535 1138 595 1199 pro
623 1120 710 1180 certo
734 1115 960 1180 affirmaverim
984 1114 1143 1179 atheteses
1171 1113 1309 1179 Aristar-

134 1221 228 1287 cheas
247 1223 286 1287 ab
305 1245 343 1288 eo
361 1244 426 1287 uno
446 1244 574 1307 quoque
596 1223 667 1287 loco
692 1244 761 1287 esse
785 1227 939 1287 tractatas
963 1226 995 1287 61
1018 1221 1057 1286 ad
1076 1244 1309 1306 quemcumque

135 1352 262 1394 versum
289 1330 438 1415 appictus
467 1330 579 1395 obelus
608 1334 689 1414 erat,
717 1331 896 1415 expositam
925 1352 993 1394 esse
1021 1329 1089 1394 eius
1117 1330 1308 1393 sententiam

135 1435 317 1502 Aristarchi
340 1437 522 1502 rationibus
546 1437 721 1521 explicatis.
771 1436 925 1521 Exceptis
950 1440 1056 1501 autem
1078 1436 1159 1500 locis
1183 1435 1308 1500 duobus

133 1565 221 1608 nune
247 1566 313 1609 non
340 1548 467 1609 exstant
496 1544 564 1608 eius
592 1544 626 1608 id
654 1566 754 1630 genus
781 1545 976 1629 fragmenta,
1000 1542 1084 1628 quod
1109 1543 1187 1607 talia
1209 1547 1247 1607 ut
1270 1543 1308 1607 de

135 1649 278 1716 Homero
307 1648 361 1739 (cf.
384 1650 621 1734 Ludwichium,
644 1649 743 1715 Arist.
765 1650 850 1716 hom.
872 1650 1001 1715 Textkr.
1016 1649 1033 1713 I
1046 1674 1076 1736 p.
1091 1649 1134 1714 58
1145 1648 1239 1738 sqq.),
1261 1650 1308 1714 ita

135 1757 174 1822 (16
197 1762 289 1823 textu
306 1757 466 1823 Hesiodea
488 1758 615 1822 facilius
632 1757 838 1823 inveniebant
857 1761 1059 1842 excerptores
1077 1758 1112 1822 in
1130 1756 1308 1822 Aristonici

134 1865 219 1930 libro
238 1869 334 1950 atque
358 1887 394 1930 aa
417 1865 486 1930 eius
509 1887 597 1946 more
615 1865 712 1950 longe
735 1865 884 1929 breviora
903 1887 999 1949 quam
1018 1865 1103 1948 apud
1120 1863 1308 1950 Didymum;

135 1994 231 2055 quem
254 1993 324 2036 eam
347 1972 389 2037 ob
413 1993 542 2036 oausam
566 1972 748 2058 neglectum
767 1994 836 2037 esse
854 1994 920 2036 non
938 1972 1036 2036 semel
1054 1972 1182 2036 disertis
1201 1971 1322 2037 verbis-

135 2078 257 2142 dictum
285 2079 319 2142 in
347 2078 478 2142 scholiis
506 2077 696 2143 Homericis.
742 2077 835 2143 Hanc
863 2078 963 2164 igitur
987 2078 1028 2143 ob
1056 2101 1124 2143 rem
1152 2078 1309 2163 Didymea

134 2185 316 2270 fragmenta
338 2185 410 2269 ipsa
433 2184 473 2249 ad
491 2209 520 2250 v.
534 2184 587 2272 51,
608 2186 659 2273 79,
680 2185 753 2273 104,
774 2184 837 2250 105
849 2182 905 2272 (1),
923 2185 989 2249 210
999 2208 1055 2270 sq,
1078 2185 1153 2272 370,
1171 2186 1245 2270 378,
1269 2186 1308 2250 ad

135 2314 218 2376 quos
240 2292 378 2356 vidimus
402 2291 513 2357 obelos
539 2292 638 2358 fuisse
666 2292 846 2376 adscriptos
874 2291 1113 2377 Aristarcheos,
1141 2292 1308 2357 nonlicet

134 2399 306 2464 restituere
329 2421 433 2483 neque
456 2399 524 2464 eius
549 2400 741 2464 sententiam
760 2399 968 2464 coniectando
987 2400 1128 2485 assequi3
1147 2399 1202 2463 sed
1219 2403 1307 2464 certo

135 2506 175 2570 (16
201 2505 253 2570 his
283 2506 364 2572 locis
392 2505 577 2591 disputavit.
631 2506 784 2571 Pluribus
811 2506 892 2571 locis
920 2506 1058 2574 fortasse
1081 2506 1144 2590 ipsi
1170 2504 1307 2571 Ghoero-

133 2613 234 2678 bosco
263 2613 382 2678 dictam
410 2614 451 2678 ob
480 2635 609 2679 oausam
635 2637 703 2680 non
729 2615 794 2679 iarn
821 2614 939 2680 licebat
962 2613 1093 2698 Didymi
1116 2635 1308 2700 cognoscere

135 2720 330 2805 opinionem

224 2827 264 2892 In
286 2828 367 2913 ipsis
390 2829 638 2916 prolegomenis,
661 2852 742 2915 quae
765 2834 841 2894 sunt
864 2829 902 2894 de
925 2829 1081 2894 divisione
1099 2851 1241 2916 poeseos,
1264 2829 1308 2894 vi·

133 2933 252 3000 dentur
264 2957 303 2999 ex
317 2939 409 3021 parte
423 2958 484 3023 res,
497 2958 573 3001 nam
583 2937 680 3001 verba
689 2937 791 3021 ipsius
802 2941 878 3001 sunt
891 2934 1115 3022 Choerobosoi,
1124 2958 1141 3000 6
1151 2935 1307 3019 Didymeo

134 3043 365 3106 commentario
380 3042 520 3108 fluxisse.
548 3042 621 3108 Hoc
631 3044 746 3108 saltem
755 3046 891 3129 constat,
902 3065 975 3108 cum
983 3043 1183 3106 inveniamus
1193 3041 1308 3106 similis

133 3148 171 3211 in
193 3148 257 3213 tria
275 3170 393 3234 genera
412 3150 579 3215 divisionis
597 3151 734 3236 vestigia
753 3151 850 3215 etiam
863 3151 898 3214 in
913 3150 1043 3215 scholiis
1058 3149 1238 3214 Homericis
1258 3148 1309 3226 (ad

133 3261 169 3320 A
180 3255 221 3319 16
236 3259 268 3320 61
284 3253 391 3344 246),
410 3256 599 3322 adeundam
618 3258 741 3323 fontem
759 3258 812 3322 hic
829 3280 889 3322 nos
909 3257 992 3342 duci,
1010 3257 1050 3320 ad
1068 3256 1191 3321 scholia
1208 3259 1309 3320 veter-

134 3362 219 3427 rima
240 3361 408 3428 Hesiodea.
454 3363 523 3429 Iam
547 3386 610 3449 quo
635 3388 674 3430 ex
696 3365 786 3429 fonte
809 3364 1000 3429 scholiastae
1023 3363 1223 3449 probabilius
1245 3385 1309 3428 cre-

135 3469 249 3535 damus
268 3470 307 3534 (16
325 3470 386 3536 hac
404 3492 449 3559 re,
467 3494 549 3556 quae
567 3471 729 3558 exhibent,
746 3471 893 3536 hausisse
911 3494 1007 3556 quam
1023 3492 1039 3535 e
1053 3470 1211 3554 Didymen
1226 3491 1309 3535 oom-

134 3577 318 3642 mentario?
363 3575 478 3662 Neque
500 3578 554 3643 hic
576 3579 639 3642 fuit
662 3579 913 3643 commentarius
940 3578 1147 3662 Homericus;
1174 3598 1248 3640 nam
1276 3576 1309 3640 id

135 3704 261 3768 semper
288 3685 470 3770 tenendum,
491 3686 526 3749 in
548 3684 730 3749 Homericis
761 3686 892 3750 scholiis
916 3685 1113 3768 exscriptum
1136 3704 1204 3747 esse
1227 3705 1308 3766 opus

134 3789 344 3876 Didymeum,
372 3812 436 3875 quo
469 3796 618 3878 ageretur
649 3792 741 3856 unice
768 3792 820 3858 vel
846 3792 1015 3877 praecipue
1042 3790 1080 3854 (16
1103 3788 1309 3854 Aristarchea

135 3895 311 3962 Homerica
333 3897 492 3964 diorthosi
509 3898 600 3964 nulla
619 3898 726 3963 addita
744 3899 863 3964 fusiore
881 3897 1113 3986 disputatione,
1131 3896 1308 3962 Hesiodeos

135 4008 249 4069 contra
272 4004 341 4069 6166
363 4006 621 4091 commentarios,
645 4005 762 4090 quibus
786 4005 908 4070 scholia
926 4005 1087 4092 debemus,
1105 4004 1309 4090 plenissimos

134 4111 245 4178 fuisse.
295 4111 340 4177 Et
367 4113 402 4178 in
429 4113 481 4177 his
509 4112 778 4178 verisimillimum
808 4117 857 4177 est
884 4134 958 4176 eum
986 4134 1051 4176 non
1074 4112 1247 4197 ἀκεφάλως
1269 4111 1310 4174 ad

132 4241 204 4285 rem
237 4219 348 4284 statim
382 4242 571 4307 aggressum
603 4242 686 4307 6666,
718 4220 773 4284 sed
804 4219 1034 4304 disputavissse
1066 4219 1164 4284 etiam
1192 4217 1230 4281 (16
1256 4216 1309 4281 his

134 4325 244 4414 rebus,
267 4349 348 4411 quae
371 4328 512 4393 nuncin
535 4327 726 4413 fragmentis
751 4325 965 4392 Choerobosci
988 4329 1168 4412 supersunt.

225 4432 279 4500 Ad
300 4434 369 4498 u3
396 4434 518 4499 multus
542 4438 591 4499 est
615 4432 859 4498 Ohoeroboscus
888 4456 946 4498 suo
973 4456 1062 4499 more
1089 4433 1125 4498 in
1151 4431 1307 4498 vocabulo
