2970 4980
210 284 275 349 226
460 284 501 339 De
521 283 643 354 Operum
660 283 785 338 versibus
804 284 840 338 ab
860 282 984 353 antiquis
1003 284 1135 340 laudatis.

208 448 261 516 lbi
289 470 361 514 cum
389 448 452 514 alie
480 448 602 534 scripta
628 447 730 513 fuisse
757 452 828 513 tum
855 447 934 513 haec
960 449 1040 514 fere:
1067 451 1126 513 καί
1149 472 1192 531 γε
1218 445 1289 533 μὲν
1314 445 1385 532 ἐγέ-

208 581 308 624 νοντο
339 566 455 623 rubrae
486 558 523 622 ul
550 555 668 641 ἡμέραι
698 554 762 621 κτὲ.
792 555 976 642 collegerim
1000 578 1016 620 e
1039 556 1148 641 glossa
1172 555 1385 621 stolidissima

209 665 351 731 Zonarae
369 665 489 749 quique
508 685 578 728 eam
597 663 767 748 exscripsit
786 661 951 728 Favorini:
973 660 1104 747 γέμεν·
1129 661 1292 748 ἐγένοντο,
1317 684 1383 746 quo

207 774 352 857 exemplo
384 771 549 836 luculento
582 770 660 854 quid
691 770 749 835 fiet
780 771 887 836 verbis
921 770 1059 835 aliorum
1090 771 1298 856 neglegenter
1331 793 1383 835 ex-

208 881 337 965 scriptis
361 878 533 943 videamus.
556 916 593 924 —
615 877 654 942 V.
676 876 739 943 775
763 877 1003 942 recentissimus
1027 876 1201 942 scholiasta
1220 877 1384 942 11οΤ1110-

207 988 277 1052 crit.
296 986 336 1070 V,
356 988 397 1051 98
426 980 664 1072 (1120711111.)
693 985 850 1073 laudavit,
879 1007 907 1049 1.
929 985 991 1050 777
1023 988 1134 1049 auctor
1163 985 1256 1069 apim.
1284 983 1382 1051 Hom.

206 1092 292 1179 apud
315 1089 511 1156 Crumerum.
535 1090 595 1156 An.
616 1090 674 1155 Ox.
692 1089 708 1154 Ι
730 1114 762 1175 p.
781 1090 856 1178 290,
875 1093 904 1175 9,
927 1113 1038 1156 versus
1059 1091 1123 1156 782
1146 1091 1287 1175 priorem
1310 1114 1383 1176 par-

205 1204 272 1264 tem
303 1198 420 1264 Pollux
444 1196 474 1281 I,
497 1197 540 1263 63
572 1219 602 1282 p.
628 1196 730 1284 1513,
767 1198 824 1282 qui
855 1198 1028 1263 manifesto
1061 1219 1168 1263 errore
1199 1221 1258 1282 pro
1292 1197 1382 1283 ἕκτη,

206 1329 303 1392 quam
339 1327 449 1371 vocem
483 1325 592 1369 omnes
624 1307 757 1369 tuentur
787 1304 865 1369 libri
895 1303 1049 1369 Hesiodei
1081 1302 1212 1392 (ACD),
1248 1305 1383 1370 exhibet

204 1412 342 1498 πέμπτη.
368 1450 410 1459 -
433 1411 556 1477 Versus
576 1411 594 1474 7
598 1411 750 1477 94-797
780 1433 847 1475 non
875 1411 956 1498 legit
984 1411 1176 1476 Plutarchus
1207 1410 1250 1498 (v.
1281 1434 1383 1496 supra

204 1543 234 1605 p.
261 1520 323 1584 107
357 1524 389 1584 17
421 1518 530 1583 confer
561 1541 591 1602 p.
617 1516 704 1604 111).
750 1517 898 1603 Proclus,
935 1518 992 1602 qui
1022 1518 1233 1583 nihilominus
1266 1541 1382 1583 eorum

203 1627 301 1692 faciat
314 1626 519 1710 mentionem,
535 1625 680 1709 sequitur
694 1628 731 1689 ut
744 1624 895 1690 manibus
905 1626 1046 1690 tenuerit
1056 1625 1218 1709 exemplar
1227 1626 1382 1711 vulgatae

203 1734 411 1819 recensionis3
440 1755 516 1797 nam
545 1732 581 1796 in
610 1732 759 1796 omnibus
788 1731 937 1797 nostris
967 1731 1061 1797 libris
1085 1730 1186 1819 (Aci)
1201 1730 1313 1819 Mass.)
1343 1732 1381 1797 hi

203 1862 313 1905 versus
340 1840 502 1925 legimtur.
527 1877 568 1885 —
593 1837 706 1903 Finem
734 1838 871 1923 denique
897 1840 1014 1903 faciam
1042 1861 1137 1905 versu
1156 1839 1221 1904 825
1244 1839 1380 1905 laudato

203 1947 288 2031 apud
312 1945 454 2011 Gellium
470 1944 566 2011 XVII
588 1947 637 2031 12,
656 1946 688 2032 4,
709 1944 743 2010 Π
765 1969 795 2030 p.
815 1946 890 2033 340,
909 1947 938 2010 6.

289 2051 378 2117 Η110
413 2057 558 2118 veterum
595 2052 788 2137 scriptorum
821 2053 861 2117 ad
892 2053 981 2139 Erga
1013 2053 1199 2118 testimonia
1232 2054 1380 2118 invenire

200 2160 307 2244 potui3
335 2180 472 2242 quorum
499 2159 655 2224 nonnulla
681 2158 734 2224 hic
757 2160 897 2243 primum
919 2160 1065 2244 prodiere
1088 2161 1124 2225 in
1145 2160 1258 2225 lucem.
1307 2159 1379 2225 Iam

201 2288 322 2352 eorum,
345 2287 427 2350 quae
444 2265 542 2351 vulgo
561 2267 719 2352 feruntur,
742 2268 903 2351 permulta
920 2266 1013 2331 licuit
1031 2267 1163 2352 abicere,
1185 2267 1238 2331 111
1257 2267 1380 2351 quibus

200 2373 315 2438 leviter
338 2376 560 2458 tangerentur,
587 2394 663 2437 non
684 2372 940 2438 laudarentur
961 2373 1060 2438 verba
1077 2378 1201 2459 poetae,
1223 2375 1277 2439 vel
1297 2397 1381 2459 quae

201 2479 318 2544 hausta
346 2484 453 2545 essent
479 2501 547 2545 non
574 2503 614 2545 ex
636 2479 780 2545 Hesiodo
807 2481 892 2566 ipso,
924 2480 979 2544 sed
1001 2503 1040 2545 ex
1063 2480 1135 2545 eliis
1158 2482 1382 2565 posteriorum

201 2589 344 2651 aetatum
369 2586 588 2671 scriptoribus.
621 2585 760 2671 Reliqua
782 2609 857 2652 vero
879 2587 986 2672 quoad
1004 2588 1097 2672 potui
1114 2588 1296 2672 ponderare
1314 2611 1383 2654 non

199 2714 367 2758 numerare
391 2694 508 2758 studui.
546 2693 629 2770 Quid
651 2694 725 2758 inde
748 2694 805 2759 fiat
827 2695 918 2779 lucri,
941 2695 1010 2779 ipse
1030 2695 1160 2759 iudices.
