2970 4980
368 265 508 330 Quantum
527 265 656 320 noverint
674 265 785 334 antiqui
804 267 923 321 lectores
942 284 1060 322 carmen.
1275 270 1295 332 9

213 427 315 494 Adest
338 428 562 494 testimonium
584 429 625 493 ad
646 430 684 494 τὸ
709 431 756 506 εἰς
769 428 913 515 Ἔριδας.
957 428 1186 515 Fragmentum
1210 433 1295 497 enim

124 537 358 602 Timocreontis
366 533 391 621 1)

227 643 297 709 οὐκ
321 644 394 730 ἄρα
421 641 612 729 Τιμοκρέων
635 653 781 728 μοῦνος
807 645 976 728 Μήδοισιν
999 645 1194 731 ὡρκιαιόμει

126 773 199 815 cum
221 771 318 814 versu
339 750 393 813 ll:
431 750 500 815 οὐκ
527 751 600 833 ἄρα
628 759 778 834 μοῦνον
806 753 865 834 ἔην
888 748 1030 834 Ἐρίδων
1053 749 1150 833 γένος
1172 772 1297 834 compa·

125 861 231 922 ratum
258 860 416 943 apertam,
445 857 479 920 ni
504 857 613 939 fallor,
640 857 855 921 imitationem
879 857 1027 922 ostendit.
1052 856 1296 922 -Pandoram

125 963 316 1029 Hesiodeam
332 963 495 1028 veteribus
508 962 613 1047 poetis
627 967 738 1028 notam
752 964 851 1028 fuisse
866 964 1056 1028 documento
1072 968 1148 1028 sunt
1161 965 1297 1029 fortasse

124 1071 159 1134 hi
183 1093 294 1135 versus
319 1068 498 1135 Semonidis
521 1068 726 1158 Amorgini²)

339 1177 425 1242 οὕτω
448 1188 559 1243 κακῶν
581 1176 637 1242 ἄνι’
664 1176 777 1243 οὐδέν·
803 1177 900 1243 ἀλλὰ
923 1181 1063 1263 μυρίαι

339 1287 520 1368 βροτοῖσι
543 1293 660 1367 κῆρες
682 1283 995 1371 κάνεκίφρασιοι
1019 1286 1111 1350 δύαι

338 1388 403 1455 καὶ
426 1388 563 1475 πήματ’
589 1389 693 1456 ἐστίν·

55 1547 57 1551 -
127 1520 199 1562 curn
227 1520 321 1562 versu
346 1496 410 1561 100
432 1496 584 1562 Hesiodei
612 1498 762 1562 carminis
791 1498 974 1581 comparati.
1021 1497 1121 1563 Cuius
1144 1499 1207 1563 loci
1230 1499 1298 1563 sine

127 1604 224 1668 dubio
258 1626 381 1668 memor
409 1608 477 1668 erat
504 1604 667 1690 Theognis
691 1601 733 1688 (v.
760 1603 845 1670 1135
860 1602 925 1691 B.),
958 1627 1028 1669 cum
1062 1628 1173 1670 unam
1202 1603 1298 1690 Spem

126 1710 320 1804 mortalibus
343 1711 532 1775 remansisse
555 1711 681 1783 diceret.
718 1711 869 1776 Fortasse
892 1711 990 1776 etiam
1014 1709 1192 1776 Simonides
1215 1710 1298 1776 Ceus

127 1839 255 1882 versum
277 1817 340 1882 100
363 1818 518 1901 respexit:
540 1819 614 1883 τοιδι
637 1825 777 1894 θνατοῖς
799 1820 882 1883 κακὰ
904 1830 1015 1884 κακῶν
1038 1818 1126 1903 ἀμφί
1146 1842 1180 1883 τε
1202 1827 1299 1904 κῆρες

128 1927 300 1990 εἰλεῦνται.
327 1964 367 1971 -
390 1923 443 1989 Ad
465 1923 618 1990 Aetatum
641 1925 785 1990 fabulam
808 1929 895 1990 certa
918 1925 1035 1989 adsunt
1057 1925 1242 1990 testimonia
1265 1925 1299 1989 in

127 2031 332 2117 Theognidea
345 2033 527 2097 imitatione
538 2054 689 2096 versuum
702 2031 886 2120 rat-201,
896 2032 1085 2116 ceteroquin
1094 2032 1172 2096 satis
1187 2031 1298 2096 libera.

128 2137 297 2223 Compara,
312 2161 440 2226 quaese,
454 2139 596 2225 Theogn.
614 2138 832 2204 1135-1148
848 2161 921 2204 cum
934 2139 1103 2204 Hesiodeis
1116 2139 1300 2225 197-200,

130 2246 207 2331 190,
232 2245 296 2310 194
307 2268 353 2331 sq.
399 2245 518 2311 Taedet
551 2246 636 2311 enim
665 2247 772 2310 omnia
805 2247 992 2311 adscribere.
1015 2285 1058 2291 —
1086 2244 1300 2330 Pedisequum

127 2352 193 2416 fere
217 2352 352 2417 habebis
376 2353 594 2438 Theognidem
621 2354 656 2418 in
683 2376 710 2418 v.
736 2354 798 2420 821
816 2375 862 2438 sq.
868 2405 877 2439 ,
907 2353 1024 2437 quibus
1052 2353 1210 2436 expressit
1237 2351 1299 2416 He-

129 2459 206 2524 siod.
225 2482 254 2524 v.
276 2459 348 2525 185.
374 2459 539 2525 —Porro
563 2461 598 2524 in
621 2459 810 2525 brevissima
832 2459 889 2524 illa
912 2458 1084 2544 particula,
1113 2480 1193 2543 quae
1217 2458 1300 2542 apel-

127 2566 214 2630 latur
241 2562 348 2654 αἶνος,
375 2567 491 2631 desunt
519 2567 661 2657 quidem,
690 2567 717 2632 si
745 2567 823 2652 quid
849 2565 941 2651 video
948 2618 956 2652 ,
983 2566 1016 2629 id
1039 2587 1139 2651 genus
1162 2564 1300 2649 vestigia

128 2673 328 2738 imitationis.
376 2672 609 2739 Gravissimum
642 2678 751 2738 tamen
778 2677 840 2760 est,
873 2673 958 2757 quod
986 2672 1128 2756 antiquis
1156 2672 1204 2735 ita
1231 2675 1299 2735 erat

129 2778 350 2867 persuasumi)
383 2779 561 2845 Hesiodum
592 2781 693 2845 fuisse
725 2781 891 2865 primum>
920 2782 1083 2844 auctorem
1117 2778 1299 2842 fabularum

129 2887 306 2952 ethicorum
330 2890 404 2952 ante
426 2887 592 2972 Aesopum
615 2892 647 2952 et
667 2887 912 2972 Archilochum,
938 2889 975 2950 ut
998 2884 1218 2971 lexicographi
1239 2884 1300 2949 hac

129 2993 199 3077 ipsa
230 2995 341 3059 fabula
372 3016 496 3078 semper
527 2995 673 3078 exemplo
703 2995 754 3058 usi
782 2994 848 3059 sint
877 2993 1072 3077 explicantes
1099 2991 1299 3056 vocabulum.

130 3097 230 3165 Cuius
253 3101 299 3165 rei
323 3101 509 3166 testimonia
532 3103 676 3166 conferre
700 3101 899 3184 supersedeo.

218 3205 427 3292 Sententiam,
450 3230 531 3292 quae
554 3212 603 3272 est
627 3208 662 3272 in
684 3230 721 3272 ea
744 3207 895 3271 carminis
918 3210 1020 3292 parte,
1043 3228 1124 3290 quae
1146 3205 1300 3291 sequitur,

131 3314 387 3398 splendidissime
410 3315 576 3380 exornavit
600 3312 676 3379 Solo
700 3314 871 3379 notissima
892 3313 999 3399 elegia=
1013 3311 1065 3400 (fr.
1087 3313 1127 3376 13
1142 3309 1221 3399 Be),
1245 3311 1300 3376 sed

129 3421 300 3487 manifesta
326 3421 429 3506 ipsius
461 3421 655 3486 imitationis
688 3421 825 3507 vestigia
851 3442 918 3486 non
944 3420 1149 3504 reperiuntur
1178 3417 1243 3482 nisi
1265 3417 1300 3482 in

130 3528 275 3592 versibus
295 3529 403 3593 3-16
423 3550 494 3592 cum
513 3528 682 3593 Hesiodeis
701 3551 729 3593 v.
745 3528 921 3592 321-326
941 3525 1141 3610 comparatis.
1179 3522 1301 3588 Contra

130 3633 310 3699 certissima
338 3639 388 3699 est
410 3635 552 3700 imitatio
575 3657 726 3700 versuum
748 3634 926 3700 289-‘294
949 3634 984 3698 in
1006 3632 1072 3697 illis
1096 3629 1300 3695 Simonideis:

131 3743 199 3806 ἔστι
221 3765 271 3817 τις
294 3743 402 3825 λόγος,
425 3739 505 3807 κοτὲ
527 3743 588 3807 τὰν
610 3742 731 3828 ἀρετὰν
753 3747 820 3807 κτλ.
844 3738 897 3828 (fr.
917 3739 959 3805 58
974 3736 1044 3825 Be.)
1066 3776 1108 3784 —
1131 3737 1301 3802 Praeterea

99 3830 105 3839 ¹
131 3847 298 3932 quaedam,
331 3870 412 3932 quae
443 3849 607 3932 pertinent
638 3849 678 3913 ad
709 3848 791 3913 hano
822 3851 961 3932 partem,
999 3846 1098 3910 habet
1130 3843 1301 3928 Theognis,

131 3955 215 4037 apud
238 3977 333 4039 quem
355 3955 485 4020 omnino
503 3954 653 4039 frequens
673 3959 722 4019 est
740 3955 894 4019 memoria
912 3952 1080 4018 Hesiodea.
1118 3950 1170 4015 Ad
1188 3974 1216 4015 v.
1236 3949 1301 4014 315

131 4082 187 4124 sua
219 4061 437 4126 accomodavit
464 4085 493 4126 v.
521 4061 620 4146 1149,
653 4061 692 4125 ad
719 4084 847 4126 versum
875 4059 1010 4124 Hesiodi
1033 4059 1097 4125 327
1129 4057 1302 4122 distichum

221 4221 246 4289 1)
265 4218 348 4288 Apud
366 4218 520 4288 Bergkium
537 4220 614 4274 Poet.
634 4219 685 4287 lyr.
706 4218 751 4273 Gr.
771 4218 804 4273 fr,
820 4224 844 4273 3.

220 4309 246 4376 2)
264 4307 348 4377 Apud
365 4306 519 4376 Bergkium
536 4306 566 4361 P.
585 4306 604 4363 l.
624 4308 670 4362 Gr.
690 4307 723 4362 fr.
740 4312 753 4360 1
774 4324 804 4367 v.
815 4311 850 4360 20
860 4324 919 4375 sqq.

221 4398 247 4465 3)
267 4394 432 4460 Quintilian.
452 4396 518 4451 Inst.
540 4395 616 4451 Orat.
631 4402 658 4466 5,
673 4401 714 4451 11.
