2970 4980
370 322 502 393 Didymei
522 324 558 377 ad
578 324 670 394 Opera
688 325 882 381 commentarii
900 325 1065 397 fragmenta
1241 328 1303 394 151

130 489 256 572 έκειτα,
289 487 328 552 de
360 509 424 571 qua
451 487 515 551 iarn
543 487 609 553 dixi
637 509 734 572 supra
761 512 792 572 p.
813 488 884 552 133.
939 487 1164 555 Aristarcheae
1196 497 1304 557 autem

38 682 41 686 .
131 595 250 679 διπλῆς
280 593 438 658 rationem
466 594 579 658 melius
609 616 706 678 quam
733 594 773 658 ab
797 579 982 660 Aristonico
1006 602 1205 682 perspectam
1233 622 1302 664 esse

130 724 149 765 a
171 700 322 786 Didymo,
343 704 381 765 ut
400 701 456 787 qui
480 722 605 785 semper
628 702 745 766 soleret
769 701 957 787 diligentius
981 704 1089 768 omnia
1111 707 1303 790 percontari,

129 807 256 873 videtur
280 807 412 892 probari
433 806 650 872 Ohoerobosci
670 808 791 873 scholio
814 832 844 893 p.
866 809 1099 896 144,11-15,
1122 814 1208 897 quod
1231 836 1303 878 cum

128 915 330 999 praecedenti
348 938 378 1000 p.
400 914 473 999 137,
494 915 534 978 17
559 919 779 999 comparatum
797 916 967 981 manifesto
987 917 1121 982 eundem
1141 923 1304 984 auctorem

128 1022 303 1106 Didymum
330 1020 447 1107 prodit.
499 1019 598 1086 Guius
630 1022 822 1086 sententiam
845 1044 919 1087 vere
940 1023 1179 1090 Aristarcheam
1203 1027 1302 1092 fuisse

129 1129 191 1193 etsi
209 1129 340 1214 probari
359 1129 481 1215 nequit,
498 1132 606 1192 tamen
625 1133 674 1192 est
692 1129 760 1193 veri
784 1128 993 1194 simillimum.
1040 1127 1102 1194 Sed
1125 1132 1164 1196 de
1186 1132 1246 1197 hac
1269 1156 1303 1197 re

128 1236 213 1300 infra
236 1235 417 1321 disputabo.

217 1341 256 1407 In
287 1364 405 1429 magno
438 1341 655 1407 Ohoerobosci
686 1365 798 1407 versus
823 1342 890 1407 304
918 1342 1040 1408 scholio
1069 1345 1172 1409 multa
1199 1347 1302 1412 latent

127 1450 260 1535 Didymi
282 1450 475 1514 nominatim
496 1450 628 1534 insuper
650 1449 788 1537 laudati,
815 1449 870 1514 sed
893 1450 1023 1515 difficile
1047 1455 1096 1515 est
1119 1452 1302 1539 diiudicare,

128 1579 209 1641 quae
233 1557 301 1622 eius
325 1557 400 1643 sint,
423 1556 509 1641 quod
531 1556 635 1641 ipsius
657 1554 875 1622 Choerobosci
899 1557 1013 1622 scholii
1037 1562 1185 1643 excerpta
1205 1581 1302 1642 quam

127 1664 266 1729 maxime
298 1668 374 1730 sunt
407 1663 547 1729 disiecta.
601 1661 818 1728 Attribuerim
851 1665 880 1728 ei
907 1662 1096 1729 Aristotelis
1125 1667 1301 1730 sententiae

128 1770 387 1858 explicationem,
413 1769 561 1835 Ameriae
589 1770 783 1834 sententiam
811 1770 943 1836 allatam
970 1769 1116 1855 hancque
1143 1771 1209 1836 fere
1232 1772 1301 1836 eius

127 1878 231 1963 ipsius
253 1878 555 1962 interpretationem
577 1875 631 1963 (cf.
650 1899 680 1960 p.
699 1876 775 1964 204,
796 1875 836 1942 15
852 1880 884 1941 et
898 1876 1006 1960 Etym.
1022 1877 1130 1963 Magn.
1144 1877 1300 1966 524,41);

126 1989 338 2072 κόθουρος·
380 1985 491 2069 κηφὴν
525 1987 609 2063 ζῶον
639 1989 804 2069 μελισσῶν
836 1984 1019 2069 ἀργότατον
1049 1982 1104 2050 καὶ
1131 1987 1301 2070 ἀκεντρον,

127 2093 172 2170 ώς
209 2109 313 2177 φησιν
346 2089 572 2177 Ἀριστοτέλης
608 2087 658 2177 (in
694 2089 768 2154 hist.
800 2089 909 2175 anim,
944 2090 1007 2156 vol.
1030 2089 1047 2155 I
1070 2115 1101 2176 p.
1121 2090 1301 2178 553511).

126 2203 289 2285 κόθονροι
313 2196 367 2282 δέ,
390 2199 441 2263 ὅτι
464 2198 629 2282 κάθηνται
652 2195 801 2262 τουτέστι
824 2206 1091 2284 παρατηροῦνται
1114 2199 1175 2282 τὴν
1200 2199 1301 2286 ώραν,

127 2306 164 2371 έν
187 2300 208 2392 ᾗ
232 2305 445 2389 ἐκβαίνουσιν
468 2306 506 2370 αλ
526 2303 688 2389 μέλισσαι,
710 2305 766 2369 ἵνα
785 2302 983 2381 έκλαθόντες
1004 2303 1141 2369 ἐσθίωσι
1161 2307 1198 2369 τὸ
1217 2303 1299 2388 μέλι.
1324 2354 1325 2358 ,

123 2410 273 2499 Ἀμερίας
295 2408 333 2477 dt
355 2413 552 2498 κακούργοις
575 2410 595 2494 ἢ
619 2411 791 2495 κοτούροις
816 2409 1092 2497 (ἀναγνωστέον),
1125 2412 1175 2475 ὅτι
1201 2414 1302 2476 κότον

127 2521 260 2604 ἔχουσιν
288 2519 324 2588 έν
351 2529 391 2605 τῇ
419 2518 511 2606 οὐρᾷ.
562 2516 681 2582 Addidi
708 2515 953 2602 ἀναγνωστέον,
981 2518 1057 2601 quia
1083 2539 1149 2582 non
1177 2518 1301 2582 variata

125 2626 263 2691 lectione
285 2647 353 2690 non
374 2629 504 2710 poterat
525 2624 684 2709 Didymus
707 2623 898 2689 vocabulum
921 2624 1070 2688 illumin
1094 2623 1224 2689 modurn
1249 2647 1300 2689 ex-

126 2733 259 2818 plicare,
287 2754 389 2817 neque
417 2736 585 2816 excerptor
608 2731 804 2797 scholiorum
828 2731 896 2795 eius
921 2731 1113 2796 sententiam
1136 2732 1300 2816 propriam

126 2861 325 2926 cognoscere.
354 2836 521 2903 Sententia
535 2839 606 2923 ipsa
615 2837 764 2902 Ameriae
778 2859 881 2922 neque
896 2842 944 2901 est
958 2839 1061 2922 petita
1076 2837 1245 2921 aDidymo
1261 2859 1299 2900 ex

127 2948 196 3014 eius
217 2949 388 3024 Γλώσσαις
405 2968 510 3030 neque
529 2967 568 3010 ex
585 2945 698 3030 lexico,
717 2944 804 3030 quod
819 2943 1035 3029 Ῥιζοτομικόν
1053 2943 1300 3030 inscribebatur,

127 3055 246 3139 quippe
275 3075 412 3138 quorum
444 3054 478 3117 in
509 3056 648 3137 utroque
680 3051 782 3137 egerit
814 3050 852 3114 de
884 3050 980 3114 rebus
1013 3073 1032 3114 a
1063 3050 1145 3115 fucis
1178 3049 1299 3114 alienis.

126 3160 203 3225 Fuit
225 3161 327 3247 igitur
350 3159 418 3225 eius
443 3163 499 3224 aut
521 3159 653 3224 tertium
678 3156 808 3243 aliquod
830 3157 956 3221 lexicon
978 3159 1035 3220 aut
1051 3156 1298 3221 commentarius

126 3267 319 3353 Hesiodeus3
339 3271 394 3331 aut
416 3267 450 3331 in
475 3265 597 3331 scholio
620 3265 702 3329 falso
726 3263 875 3351 laudatur
897 3285 1015 3328 nomen
1033 3263 1190 3347 Ameriae,
1209 3263 1299 3328 cuius

126 3375 198 3439 loco
218 3373 256 3438 de
274 3372 487 3458 Neoptolemo
507 3373 697 3458 cogitaverit
716 3373 788 3456 quis
806 3371 901 3435 nixus
917 3370 1094 3436 Eustathio
1113 3371 1153 3436 ad
1166 3358 1300 3435 Iliadem

125 3505 155 3566 p.
167 3481 241 3568 757,
256 3481 296 3545 19
316 3485 349 3545 et
364 3480 521 3546 Strabone
534 3478 614 3544 XIII
628 3503 657 3564 p.
668 3477 767 3543 589d.
779 3517 818 3524 -
836 3478 968 3563 Magnis·
978 3479 1013 3542 in
1028 3478 1152 3543 duobus
1167 3477 1298 3543 scholiis

127 3586 343 3654 (lhoerobosci
370 3611 400 3673 p.
424 3587 500 3673 244,
518 3586 554 3673 5,
584 3585 734 3650 Eustath.
767 3585 806 3650 ad
837 3583 927 3649 Iliad.
950 3584 1011 3670 IV,
1039 3584 1096 3669 86,
1125 3585 1158 3669 7,
1189 3583 1297 3669 Etym.

126 3694 234 3781 Magn.
255 3693 330 3781 675,
348 3694 405 3782 34,
433 3694 542 3778 Etym.
563 3692 642 3759 dud.
661 3691 737 3779 469,
757 3693 785 3777 7,
811 3692 861 3779 13,
879 3693 922 3756 42
947 3696 978 3756 et
1001 3714 1030 3775 p.
1050 3688 1125 3775 254,
1147 3688 1297 3753 Eustath.

126 3801 167 3866 ad
184 3800 274 3866 Iliad.
289 3797 346 3887 IV,
362 3801 434 3888 123,
449 3801 590 3887 38-41,
609 3800 717 3884 Etym.
732 3798 840 3885 Magn.
855 3799 907 3884 83,
922 3799 951 3883 7,
969 3796 1077 3881 Etym.
1093 3794 1172 3861 (iud.
1182 3795 1236 3882 44,
1245 3795 1298 3882 50,

127 3930 208 3993 quae
231 3909 265 3972 in
287 3908 399 3973 multis
423 3908 628 3972 consentiunt
647 3896 718 3971 cum
737 3904 917 3970 Homericis
937 3902 977 3968 ad
995 3908 1029 3968 Σ
1044 3903 1109 3968 486
1130 3907 1161 3966 et
1184 3903 1298 3988 Τ222,

127 4020 203 4080 sunt
237 4014 393 4100 quaedam
423 4019 508 4080 certe
540 4014 712 4098 Didymea3
744 4035 825 4098 quae
856 4011 1007 4075 distincte
1040 4031 1201 4086 secernere
1232 4018 1299 4074 non

127 4123 190 4188 iam
208 4111 293 4187 licet.
307 4121 416 4186 -Ad
430 4146 459 4188 v.
473 4121 539 4187 435
558 4122 624 4186 fere
643 4121 749 4186 omnia
768 4118 883 4184 scholii
903 4116 1120 4184 Ghoerobosci
1134 4114 1176 4203 (v.
1188 4115 1296 4200 Etym.

126 4229 235 4316 Magn.
254 4228 312 4317 48,
330 4229 372 4292 47
401 4233 433 4292 et
457 4228 569 4293 Zonar.
584 4251 613 4312 p.
635 4225 713 4314 112)
737 4230 813 4290 sunt
836 4225 1003 4312 Didymea,
1026 4225 1144 4309 quippe
1166 4222 1223 4287 ubi
1246 4244 1297 4286 res

128 4337 171 4402 sit
193 4337 231 4402 de
254 4336 392 4402 lectione
414 4335 515 4400 varia:
544 4335 764 4400 ἀκιώτατοι·
788 4334 939 4416 ἀσηπτοι,
962 4333 1114 4420 ἀβρώτοι.
1159 4326 1210 4406 κὶς
1234 4330 1296 4414 γάρ

127 4441 255 4527 λέγεται
283 4443 301 4508 ὁ
330 4441 367 4509 ἐν
395 4454 465 4520 τοῖς
493 4441 604 4521 ξύλοις
634 4439 769 4525 σκώληξ.
820 4441 931 4505 ἀλλοι
960 4437 1009 4526 (in
1035 4438 1086 4502 his
1111 4433 1297 4523 seleucum)
