2970 4980
230 273 294 338 192
368 298 372 304 ·
478 275 520 333 De
540 273 662 344 Operum
682 272 807 329 versibus
827 273 863 328 ab
883 272 1008 341 antiquis
1027 272 1159 328 laudatis.

228 437 267 503 ad
296 437 383 503 Iliad.
407 462 437 523 p.
459 438 568 524 127,1
595 436 652 524 (==
674 436 769 524 1059,
795 435 864 524 14);
893 436 934 502 ab
965 435 1083 502 Orione
1117 433 1193 522 περὶ
1226 437 1325 519 δίκης
1356 433 1409 500 καλ

228 546 442 628 δικαιοσύνης
469 543 525 629 VI,
547 544 587 608 13
611 543 672 631 (ed.
702 544 860 609 Stobaeus
892 542 1065 608 Meinookii
1096 566 1127 627 p.
1146 541 1237 629 258).
1289 540 1408 606 Omnes

228 657 359 736 excepto
378 673 442 716 uno
462 650 622 715 Aeschine
640 651 827 735 conspirant
851 672 923 716 cum
943 650 1106 715 codicibus
1125 647 1312 735 Hesiodeis3
1335 671 1407 713 nam

227 759 302 823 licet
325 759 424 822 missa
447 758 549 822 facere
572 759 677 841 primo
706 762 836 841 aspectu
859 758 941 823 falsa
968 779 1050 842 quae
1072 758 1230 840 apparent
1252 756 1407 832 πολλάκις

227 863 282 930 καὶ
306 865 340 928 in
362 887 426 929 uno
451 863 565 928 scholii
585 863 771 950 apographo
796 864 880 949 apud
899 861 1087 929 Cramerum
1106 860 1167 950 (sic
1185 863 1286 928 etiam
1298 863 1406 947 'prima

228 994 342 1036 manus
361 971 517 1036 codicisD
535 970 711 1057 Hesiodei),
728 993 745 1034 e
778 971 918 1037 πολλάκι
933 970 1084 1057 ξύμπασα
1098 992 1174 1035 casu
1190 969 1313 1034 omissa
1327 990 1404 1053 quae

229 1078 423 1162 sequebatur
438 1078 551 1143 vocula
565 1077 735 1142 Aeschinis
750 1078 857 1162 priore
873 1078 953 1143 loco.
982 1077 1096 1142 Altero
1113 1080 1223 1141 tamen
1236 1075 1405 1141 Aeschinis

227 1186 298 1251 loco
323 1185 409 1271 quod
435 1184 555 1270 legitur
579 1186 620 1269 δή
648 1207 707 1268 pro
730 1182 799 1269 καὶ,
826 1207 893 1249 non
915 1189 978 1271 est,
1006 1184 1092 1269 quod
1120 1183 1250 1268 quidem
1274 1182 1404 1266 videam,

228 1291 423 1376 corruptela,
451 1292 505 1355 sed
532 1292 621 1356 varia
648 1291 752 1356 lectio.
798 1291 953 1356 Eiusdem
980 1313 1091 1356 versus
1120 1290 1155 1354 in
1181 1291 1246 1354 fine
1274 1290 1404 1376 ἀπηύρα

228 1400 349 1484 optime
368 1399 513 1463 munitur
532 1398 697 1463 codicibus
716 1396 872 1485 (exceptis
892 1398 1131 1482 recentissimis,
1149 1419 1289 1482 quorum
1309 1396 1403 1463 ἐπαν-

228 1519 282 1592 ρεί
302 1504 427 1593 mitto),
459 1506 655 1570 testimoniis
684 1506 847 1590 omnibus,
877 1505 956 1570 locis
984 1504 1165 1570 Homericis
1188 1503 1220 1568 A
1236 1504 1314 1592 334,
1332 1503 1404 1589 430,

231 1612 517 1701 αν37,1273ο1.
564 1612 666 1688 Quam
689 1613 826 1677 formam
853 1612 1015 1678 immerito
1039 1612 1156 1677 abiecit
1179 1607 1331 1675 Sittelius
1354 1608 1404 1697 (cf.

228 1721 326 1784 etiam
346 1719 394 1784 So.
412 1719 506 1784 Herc.
526 1719 602 1804 428,
620 1722 653 1782 et
676 1741 703 1783 v.
728 1718 847 1803 Theog.
871 1715 952 1804 423)
975 1717 1072 1782 nimis
1099 1717 1179 1782 fisus
1207 1718 1405 1803 argumentis

227 1825 379 1891 Ahrensii
399 1824 465 1912 (KI.
481 1823 568 1889 Schr.
588 1824 613 1913 I,
629 1826 676 1890 20
686 1848 742 1910 sq,
760 1822 841 1911 544)
860 1829 892 1889 et
907 1822 1020 1889 Sonnii
1039 1823 1169 1912 (Kuhns
1184 1823 1310 1889 Ztschr.
1328 1822 1405 1888 XIII

228 1958 257 2019 p.
276 1932 357 2021 434)
385 1932 544 2015 iussitque
570 1933 691 2016 ubique
718 1931 802 2016 apud
829 1929 1008 1996 Hesiodum
1036 1930 1162 2016 άπεῦρα
1189 1931 1298 1996 scribi.
1345 1929 1407 1996 Sed

228 2040 376 2124 pluribus
399 2040 438 2103 dc
460 2038 521 2103 hac
543 2061 578 2102 rc
601 2039 755 2103 disserere
777 2060 843 2102 non
866 2042 915 2102 est
937 2037 1034 2102 huius
1055 2037 1127 2103 loci.
1158 2036 1323 2102 Versuum
1342 2038 1404 2101 241

228 2151 260 2211 et
288 2147 353 2210 242
385 2150 495 2210 textus
528 2146 680 2232 vulgatus
716 2167 783 2210 non
814 2145 956 2210 concinit
987 2167 1060 2210 cum
1089 2142 1273 2210 Aeschines
1304 2143 1399 2233 (11.)

229 2254 285 2339 qui
309 2258 371 2318 est:

228 2415 269 2492 ὅς
292 2439 358 2480 κεν
381 2415 589 2500 άλιτραίνη
612 2412 668 2480 καὶ
690 2414 863 2479 ἀτάσθαλα
885 2413 1098 2499 μηχανάαται.
1131 2410 1188 2500 (H,
1209 2412 1291 2502 158)

229 2522 285 2605 [ὅς
307 2545 373 2586 κεν
397 2521 606 2608 ἀλιτραίνη
628 2519 684 2587 καὶ
707 2521 879 2586 ἀτάσθαλα
903 2520 1119 2606 μητιάαται.
1157 2519 1216 2606 ΠΙ,
1237 2520 1319 2607 135]

229 2640 337 2694 τοῖσιν
361 2623 390 2693 d'
418 2630 607 2713 οὐρανόθεν
630 2628 725 2712 μέγα
752 2638 857 2712 πῆμα
881 2630 981 2693 δῶκε
1005 2623 1071 2713 (vel
1099 2626 1216 2715 ἔδωκε)
1239 2631 1410 2714 Κρονίων.

252 2847 255 2854 .
316 2787 425 2874 Atque
443 2789 532 2874 legit,
557 2789 584 2853 si
603 2789 681 2872 quid
699 2789 800 2874 video,
820 2787 995 2853 Aeschines
1014 2788 1201 2873 μητιάαται,
1224 2789 1319 2854 cuius
1337 2789 1410 2855 loco

230 2901 395 2961 exaratum
415 2901 464 2961 est
482 2902 596 2981 postea
614 2897 820 2981 μηχανάαται
843 2895 878 2959 in
897 2917 942 2960 or.
966 2894 1003 2958 de
1026 2894 1108 2959 falsa
1131 2895 1227 2980 legat.
1250 2894 1370 2961 habita
1393 2919 1412 2961 a

228 3002 377 3092 librario,
399 3005 455 3088 qui
483 3004 680 3069 diversitatis
707 3026 774 3068 non
802 3003 922 3067 inscius
951 3001 1071 3066 evolvit
1099 3000 1280 3066 Hesiodum
1305 3025 1411 3068 suum.

227 3107 315 3174 Idem
338 3111 424 3174 enim
448 3111 517 3175 sinc
540 3111 638 3175 dubio
662 3112 783 3174 factum
807 3113 856 3174 est
879 3109 916 3173 de
939 3131 968 3173 v.
988 3109 1063 3195 242,
1086 3108 1142 3192 qui
1165 3109 1200 3172 in
1218 3130 1286 3175 uno
1311 3113 1412 3194 atque

228 3236 265 3278 eo
290 3215 414 3298 optimo
434 3214 683 3300 Ctesiphonteae
706 3215 862 3281 orationis
886 3215 993 3280 codice
1017 3217 1063 3280 sic
1086 3219 1202 3302 exstat,
1224 3219 1262 3279 ut
1286 3215 1411 3302 legitur

227 3320 263 3382 in
293 3318 386 3382 libris
417 3319 586 3386 Hesiodeis
620 3321 770 3407 vulgatis.
823 3320 893 3397 Quo
927 3321 999 3386 loco
1038 3321 1117 3385 item
1152 3325 1189 3386 ut
1219 3324 1329 3387 textui
1359 3322 1411 3388 vel

227 3429 360 3509 propter
378 3431 517 3491 metrum
535 3433 645 3512 aperte
667 3433 820 3513 corrupto
839 3427 1027 3513 mederetur,
1049 3427 1203 3493 librarius
1225 3427 1409 3494 Hesiodum

227 3532 376 3615 inspexit.
427 3529 489 3597 Sed
518 3556 621 3618 neque
651 3536 757 3600 δῶκεν
786 3534 869 3621 μέγα
899 3543 990 3619 πῆμα
1020 3557 1123 3618 neque
1152 3533 1224 3620 μέγ’
1263 3535 1410 3620 ἐπήγαγε

226 3649 318 3724 πῆμα
345 3640 461 3725 legisse
485 3640 690 3726 Aeschinem,
719 3665 831 3706 verum
859 3639 930 3726 μέγ’
959 3641 1099 3725 ἐπήλασε
1131 3651 1224 3727 πημα
1250 3643 1335 3706 mihi
1359 3647 1409 3707 est

227 3769 416 3830 persuasum
434 3771 503 3813 eam
528 3749 569 3813 ob
588 3771 665 3835 rem,
683 3749 770 3832 quod
788 3749 872 3813 infra
891 3770 1019 3832 quoque
1038 3748 1188 3833 congruit
1207 3748 1278 3813 eius
1297 3753 1408 3814 textus

227 3852 300 3917 oum
322 3877 373 3935 eo,
404 3857 460 3940 qui
486 3855 662 3921 Plutarcho
693 3860 761 3920 erat
788 3859 931 3940 praesto3
962 3855 1018 3939 qui
1048 3855 1140 3919 affert
1163 3853 1237 3940 μέγ’
1265 3855 1408 3938 ἐπήλασε

226 3970 317 4044 πῆμα
341 3962 379 4026 de
403 3963 531 4028 stoicor.
550 3984 682 4049 repugn.
701 3986 731 4047 p.
753 3962 860 4026 104οο
880 3959 951 4048 (VI.
969 3961 1034 4026 233
1044 3960 1105 4048 Β).
1140 3959 1220 4026 Tres
1238 3961 1343 4047 igItur
1362 3963 1407 4026 in·

227 4072 304 4132 sunt
322 4068 358 4132 in
375 4069 501 4134 duobus
520 4071 667 4134 versibus
685 4069 838 4134 lectiones
856 4067 971 4132 variae.
1004 4067 1155 4134 Ceterum
1172 4068 1212 4132 de
1229 4068 1407 4153 ἀλιτραίνη

227 4175 431 4240 coniunctivo
446 4198 475 4240 v.
486 4173 721 4262 Goettlingium
735 4177 770 4240 in
784 4178 941 4259 apparatu
955 4175 1066 4240 critico
1081 4176 1122 4240 ad
1135 4199 1163 4240 v.
1174 4179 1207 4239 et
1220 4173 1404 4240 Nauckium

225 4281 299 4347 Me'l.
324 4304 467 4368 gr.-rom.
491 4281 538 4347 ΠΙ
564 4283 635 4348 155.
667 4322 709 4331 -
742 4282 790 4346 De
822 4304 914 4346 versu
938 4281 1003 4346 243
1034 4304 1209 4348 consensus
1235 4285 1289 4346 'est
1319 4281 1404 4345 inter

226 4388 427 4475 Aeschinem,
451 4389 541 4454 cuius
561 4391 646 4475 quod
664 4390 758 4474 pauci
781 4389 904 4455 codices
924 4388 1076 4454 exhibent
1092 4393 1217 4475 λοιμὸν
1240 4388 1325 4473 ὁμοῦ
1348 4385 1401 4453 καλ
