2970 4980
503 1262 676 1337 Tabula
704 1266 979 1361 argumenti.

153 1502 242 1558 Garun
260 1504 281 1559 J.
319 1505 407 1571 Quale
431 1509 460 1561 et
483 1510 620 1575 quantum
642 1507 771 1563 noverint
794 1525 905 1563 carmen
927 1509 1037 1580 „Opera
1059 1514 1088 1566 et
1106 1512 1191 1566 Dies“
1214 1512 1326 1582 antiqui

224 1593 342 1649 lectores
361 1614 388 1665 p.
405 1601 500 1651 1-14.

270 1689 292 1737 1.
312 1683 354 1738 De
364 1684 486 1754 Operum
500 1682 580 1739 libris
594 1685 791 1756 manuscriptis
807 1688 836 1740 et
849 1685 1015 1757 fragmentis
1029 1689 1195 1758 papyraceis
1209 1708 1236 1759 p.
1247 1696 1324 1747 1-3.

268 1779 292 1828 2.
311 1771 353 1827 De
371 1773 562 1843 peculiaribus
582 1774 704 1843 Operum
721 1774 849 1845 partibus
868 1795 894 1846 p.
910 1781 988 1830 3-5,

269 1867 293 1917 3.
314 1861 456 1927 Quantum
473 1862 602 1917 noverint
621 1880 733 1919 carmen
751 1863 862 1933 antiqui
875 1864 994 1920 lectores
1007 1865 1129 1936 Proclus,
1149 1866 1324 1938 Plutarchus,

312 1950 504 2021 Alexandrini,
524 1952 710 2008 Athenienses
728 1944 877 2023 scriptores
891 1953 986 2021 quarti
1000 1955 1113 2025 saeculi,
1132 1959 1233 2025 poetae
1248 1960 1325 2011 aeta·

312 2039 349 2094 tis
373 2041 534 2096 vetustioris
557 2062 585 2113 p.
600 2048 696 2099 5—10.
734 2044 776 2098 ΒΘ
799 2043 961 2099 recensione
984 2043 1151 2099 Pisistratou
1168 2065 1194 2115 p.
1211 2052 1324 2103 10-11.

311 2128 432 2185 Plurane
455 2131 536 2186 nobis
560 2131 681 2201 legerint
704 2135 812 2188 veteres
835 2133 986 2203 scriptores
1008 2153 1034 2203 p.
1054 2141 1095 2190 12.
1132 2133 1174 2188 De
1193 2135 1324 2205 carmine,

311 2219 387 2288 quod
406 2220 510 2275 dicitur
523 2219 614 2291 Ἔργα
633 2221 740 2291 μεγάλα
758 2241 785 2291 p.
802 2228 835 2275 12
846 2239 886 2290 sq.

268 2314 293 2362 4.
315 2308 406 2378 Opera
424 2309 522 2377 qualia
540 2310 615 2364 lecta
634 2310 691 2364 sint
708 2329 735 2380 p.
752 2317 785 2364 13
796 2328 836 2379 sq.

152 2395 242 2450 Carnu
260 2397 293 2451 H.
329 2397 371 2451 ΒΘ
391 2398 504 2453 scholiis
523 2399 560 2454 ad
580 2398 672 2469 Opera
690 2399 840 2470 adscriptis
858 2419 885 2470 p.
901 2404 1032 2455 14-158.

269 2493 292 2541 1.
312 2487 353 2542 ΒΘ
367 2487 459 2543 Procli
478 2488 592 2544 scholiis
610 2507 636 2558 p.
649 2494 761 2543 14-16.
791 2489 832 2542 ΒΘ
850 2488 984 2558 ampliore
1000 2487 1067 2544 olim
1080 2489 1172 2544 Procli
1186 2507 1325 2545 commen-

311 2577 384 2632 tario
407 2577 529 2633 testibus
552 2578 667 2648 Taetza,
692 2571 854 2633 auctoribus
872 2577 1143 2649 Etymologicorum,
1166 2580 1325 2649 Eustathio,

312 2665 377 2720 aliis
395 2687 422 2738 p.
439 2673 553 2722 re-aa.
1256 2666 1258 2671 ’

270 2763 294 2811 2.
313 2756 355 2810 ΒΘ
369 2755 461 2811 Procli
479 2757 589 2812 ratione
606 2757 813 2827 interpretandi
832 2757 923 2825 deque
941 2756 1110 2811 scholiorum
1128 2756 1198 2811 locis
1217 2758 1253 2812 ab
1270 2758 1325 2812 hac

311 2845 421 2901 ratione
440 2846 541 2901 alienis
559 2865 586 2916 p.
602 2851 716 2901 22-25.
744 2847 785 2900 ΒΘ
799 2845 910 2925 Veteris
928 2845 1093 2916 Interpretis
1111 2845 1222 2901 ratione
1239 2846 1325 2901 inter-

311 2935 443 3004 pretandi
461 2954 488 3005 p.
504 2940 617 2990 26-29.

271 3030 294 3078 3.
315 3024 356 3078 De
387 3024 522 3094 ampliore
550 3023 618 3078 olim
644 3024 755 3079 Veteris
783 3024 947 3095 Interpretis
976 3022 1176 3078 commentario
1204 3023 1325 3078 testibus

312 3112 423 3182 Taetza,
443 3113 606 3168 auctoribus
624 3113 891 3184 Etymologicorum,
911 3113 1020 3167 Zonara
1038 3131 1065 3182 p.
1080 3117 1194 3170 30-37.

269 3207 294 3256 4.
314 3202 355 3257 ΒΘ
379 3202 494 3257 scholiis
517 3219 552 3257 ex
569 3203 662 3258 Procli
686 3205 714 3257 et
732 3202 842 3257 Veteris
865 3201 1028 3272 interpretis
1052 3201 1259 3256 commentariis
1279 3219 1324 3257 ex-

312 3291 424 3362 scriptis
443 3295 528 3362 atque
546 3291 591 3346 his
609 3292 678 3362 ipsis
697 3291 811 3347 scholiis
831 3292 973 3360 aTzetza,
991 3289 1203 3360 Etymologicis,
1223 3291 1324 3345 Eusta-

312 3380 382 3449 thio,
397 3381 461 3436 aliis
475 3380 505 3435 in
520 3400 602 3436 usum
615 3381 721 3436 vocatis
733 3400 760 3451 p.
769 3387 883 3436 38-42.
911 3381 953 3436 ΒΘ
963 3379 1057 3434 indole
1068 3377 1237 3433 scholiorum
1246 3397 1272 3448 p.
1281 3384 1323 3435 43.

267 3475 292 3525 ὅ.
311 3469 441 3525 Taetzam
469 3472 498 3524 et
526 3469 741 3540 Moschopulum
768 3469 862 3524 omnia
890 3487 941 3524 sua
963 3467 1119 3523 Procliania
1147 3470 1197 3522 aut
1224 3469 1325 3523 veteris

311 3558 473 3629 interpretis
502 3557 615 3613 scholiis
644 3558 746 3612 debere
768 3576 797 3627 p.
817 3563 931 3614 44-48.
969 3557 1076 3626 Quibus
1103 3555 1190 3626 signis
1214 3557 1325 3612 eluceat

312 3647 411 3701 similis
430 3665 497 3701 usus
515 3646 545 3701 in
564 3646 780 3717 Etymologicis,
799 3646 944 3701 Eustathii
963 3644 1180 3714 commentariis,
1199 3646 1324 3700 Zonarae

312 3736 402 3791 lexico
421 3755 448 3806 p.
463 3742 497 3790 49
508 3754 548 3804 sq.

269 3832 292 3880 6.
312 3825 427 3880 Procli
447 3823 554 3879 scholia
574 3824 609 3878 ab
629 3823 730 3878 alienis
749 3824 890 3879 disiuncta
908 3827 938 3879 et
956 3827 1040 3879 aucta
1058 3843 1085 3894 p.
1101 3829 1214 3880 50-76.

270 3920 293 3970 7.
313 3914 446 3969 Veteris
470 3913 676 3983 interpretis
700 3912 807 3967 scholia
831 3913 867 3967 ab
891 3912 991 3967 alienis
1016 3912 1158 3968 disiuncta
1181 3916 1209 3968 et
1227 3914 1325 3968 multis

312 4019 346 4057 ex
364 4002 490 4057 fontibus
510 4005 595 4056 aucta
612 4021 639 4071 p.
655 4007 768 4056 76-95.

239 4071 251 4095 ⁸
269 4098 293 4148 8.
312 4091 456 4161 Exemplis
472 4091 631 4147 ostenditur
644 4089 737 4145 Procli
750 4090 824 4145 ratio
838 4089 1045 4159 interpretandi
1059 4110 1085 4161 p.
1097 4097 1132 4146 et
1142 4077 1182 4160 so.
1206 4093 1325 4147 Fontem

311 4180 490 4235 Proclianum
515 4180 547 4234 in
569 4180 653 4235 rebus
676 4178 878 4249 philosophicis
901 4178 1048 4233 Platonem
1072 4179 1159 4234 fuisse
1182 4199 1209 4250 p.
1225 4187 1258 4234 97
1271 4199 1324 4249 sq.;

311 4267 341 4322 in
365 4268 493 4323 omnibus
518 4268 582 4323 aliis
601 4267 844 4323 Plutarcheum
869 4267 1099 4322 commentarium
1117 4287 1144 4338 p.
1160 4274 1201 4323 99.
1240 4269 1325 4324 Cuius

310 4357 470 4429 fragmenta
498 4357 592 4412 omnia
620 4357 792 4428 colliguntur
818 4376 845 4427 p.
868 4362 1015 4412 100-107.
1058 4357 1233 4412 Describitur
1260 4358 1325 4412 Plu-

312 4447 404 4523 tarchi
422 4445 628 4518 interpretandi
646 4445 719 4501 ratio
737 4465 765 4518 p.
782 4453 930 4502 108-111.
