2970 4980
191 333 211 396 6
431 329 572 394 Quantum
590 326 718 381 noverint
737 325 848 395 antiqui
864 325 983 380 lectores
1003 333 1124 379 carmen.

190 494 334 559 fabulam
352 491 396 579 (v.
417 491 480 555 122
496 494 556 576 sq,
577 487 655 576 126)
679 493 906 555 commemorat
933 489 970 553 de
992 486 1034 552 Is.
1060 490 1092 552 et
1110 486 1192 552 Osir.
1211 511 1241 571 p.
1256 487 1364 572 361b3

192 602 231 665 de
260 601 320 664 dei.
351 599 467 664 oracul.
490 622 521 682 p.
545 598 658 683 417b3
690 597 766 662 ibid.
789 620 819 680 p.
843 597 943 660 413e.
989 595 1104 659 Erides
1137 594 1298 679 significat
1330 593 1365 658 in

194 707 293 773 Oonv.
313 705 441 783 Quaest.
461 728 491 789 p.
512 704 603 768 736e
622 702 665 791 (v.
687 701 755 790 ll)3
778 704 814 766 in
835 703 945 768 libello
970 703 1007 766 de
1031 724 1096 785 cap.
1121 723 1159 765 ex
1182 700 1270 765 inim.
1294 700 1364 765 util.

192 839 221 899 p.
242 814 285 878 92
296 836 314 877 a
333 811 376 900 (v.
396 812 439 877 23
452 809 530 897 sq.);
553 811 588 875 in
609 811 694 876 libro
713 811 751 874 de
774 810 938 894 tranquill.
958 809 1056 873 animi
1074 832 1104 893 p.
1123 808 1213 872 473a
1231 806 1274 895 (v.
1294 805 1366 893 25);

192 921 228 987 in
249 919 361 985 libello
385 919 423 982 de
447 918 517 983 aud.
540 921 625 1002 poet.
649 941 679 1001 p.
699 918 772 981 362
796 915 838 1004 (v.
857 914 929 1004 40);
956 916 991 980 in
1013 917 1194 1001 fragmento
1219 914 1365 998 opusculi

194 1027 231 1092 de
264 1027 370 1091 anima
402 1025 488 1109 apud
515 1024 723 1088 Duebnerum
745 1022 777 1088 V
804 1047 833 1107 p.
856 1024 894 1087 11
920 1022 963 1111 (v.
983 1024 1025 1086 42
1039 1020 1114 1108 sq.);
1142 1022 1175 1086 in
1203 1021 1297 1085 libris
1327 1021 1365 1084 de

194 1157 263 1218 cup.
294 1132 381 1196 divit.
410 1154 439 1215 p.
464 1129 556 1195 5270
588 1134 620 1194 et
652 1128 738 1214 Sept.
774 1152 839 1215 sap.
868 1152 958 1195 conv.
986 1153 1015 1214 p.
1042 1131 1103 1194 157
1119 1130 1141 1194 f.
1170 1126 1212 1216 (v.
1236 1129 1279 1193 45
1295 1126 1366 1214 sq).

195 1238 292 1306 Caret
315 1238 501 1303 testimonio
525 1259 626 1302 unum
647 1237 860 1302 Prooemium.

283 1345 331 1410 De
349 1345 411 1410 hoc
430 1343 571 1409 dubitari
590 1366 685 1427 posse
704 1366 741 1408 eo
760 1345 867 1409 minus
887 1347 936 1408 est
952 1344 1143 1429 negandum,
1162 1366 1225 1428 quo
1240 1344 1367 1428 planius

195 1453 325 1538 scripsit
353 1451 546 1516 Plutarchus
575 1451 610 1514 in
634 1447 765 1515 Conviv.
790 1454 912 1534 quaest.
937 1449 981 1536 (9,
1004 1474 1033 1534 p.
1055 1448 1160 1537 lece)
1183 1450 1273 1515 haec:
1301 1452 1366 1515 Διὸ

194 1572 328 1647 πρῶτον
360 1555 421 1643 μὶν
455 1557 625 1623 ἐκέλευσεν
658 1553 735 1645 ᾆσαι
767 1558 827 1622 τὸν
857 1555 1023 1643 Ἐράτωνα
1054 1559 1137 1644 πρὸς
1164 1559 1225 1642 τὴν
1253 1559 1367 1644 λόροιν.

196 1665 339 1754 ᾄσαντος
371 1662 408 1730 δδ
441 1666 484 1729 rol
516 1675 650 1746 πρῶτα
681 1676 757 1728 των
781 1662 941 1749 Ἔργων·
975 1663 1036 1729 οὐκ
1063 1665 1127 1746 ἄρα
1155 1673 1282 1748 μοῦνον
1311 1667 1369 1746 ἔην

194 1771 336 1859 Ἐρίδων
363 1770 477 1854 γένος,
501 1769 659 1855 ἐπῄνεσεν
685 1775 752 1834 κτλ.
803 1767 935 1834 Accedit
966 1768 1142 1835 Pausanias
1176 1768 1225 1857 (9,
1244 1771 1284 1834 31
1292 1823 1301 1856 ,
1319 1767 1369 1856 4):

197 1884 356 1944 Βοιωτῶν
393 1874 430 1942 δέ
467 1879 502 1942 οἱ
533 1875 609 1958 περὶ
641 1878 700 1942 τὸν
728 1874 888 1941 Ἑλικῶνα
921 1878 1090 1954 οἰκοῦντες
1121 1876 1369 1963 παρειλημμένα

197 1984 278 2069 δόξῃ
312 1982 468 2066 λέγουσιν
500 1983 544 2059 ὡς
576 1984 657 2047 ἄλλο
681 1981 838 2060 Ἡσίοδος
866 1992 1002 2066 ποιῆσαι
1031 1979 1131 2048 οὐδὲν
1159 1983 1178 2068 ἢ
1207 1985 1246 2048 rol
1265 1982 1369 2067 Ἔργα

196 2089 252 2156 καὶ
280 2091 409 2154 τούτων
436 2085 473 2153 δὲ
496 2091 537 2154 τὸ
567 2087 603 2165 ές
626 2090 693 2165 τὰς
715 2091 879 2167 Μούσας
902 2089 1118 2176 ἀφαιροῦσι
1141 2094 1369 2176 προοίμιον,

197 2197 304 2281 ἀρχὴν
327 2205 384 2279 τῆς
407 2197 569 2278 ποιήσεως
593 2191 676 2260 εἶναι
700 2197 738 2260 τὸ
763 2195 795 2272 ἐς
819 2197 876 2273 τὰς
890 2194 1027 2282 Ἔριδας
1050 2195 1213 2280 λέγοντες·
1237 2201 1295 2262 καί
1313 2221 1369 2282 μοι

198 2304 368 2389 μόλυβδον
392 2301 596 2385 ἐδείκνυσαν,
621 2304 705 2367 ἔνθα
729 2301 749 2385 ἡ
772 2305 870 2386 πηγή,
893 2304 933 2367 τὰ
956 2304 1062 2368 πολλὰ
1085 2304 1150 2369 ὑπὸ
1169 2313 1228 2369 τοῦ
1246 2306 1371 2390 χρόνου

198 2408 460 2495 λελυμασμένον·
499 2408 717 2495 ἐγγέγραπται
750 2405 787 2473 δὲ
819 2408 908 2496 αὐτῷ
938 2411 977 2473 τὰ
996 2408 1108 2493 Ἔργα,
1155 2412 1223 2474 ἔστι
1252 2406 1288 2474 δὲ
1315 2409 1370 2474 καὶ

200 2515 295 2603 έτέρα
331 2514 554 2602 κεχωρισμένη
591 2525 650 2599 τῆς
685 2513 861 2600 προτέρας,
899 2516 944 2592 ὡς
979 2517 1087 2580 πολύν
1118 2541 1193 2582 τινα
1231 2515 1320 2580 ἐπῶν
1352 2516 1370 2582 δ

194 2621 351 2699 Ἡσίοδος
382 2622 529 2707 ἀριθμὸν
560 2624 728 2706 ποιήσειεν
757 2621 790 2698 ές
817 2623 976 2704 γυναῖκές
1003 2647 1038 2688 τε
1066 2619 1213 2710 ᾀδόμενα
1228 2672 1371 2688 .......

197 2727 408 2811 παραινέσεις
430 2751 465 2792 τε
481 2731 648 2813 Χείρωνος
672 2725 724 2791 ἐπὶ
749 2728 946 2814 διδασκαλίᾳ
966 2725 1002 2793 δὲ
1021 2725 1116 2815 (coni.
1137 2727 1193 2816 δὴ)
1211 2739 1250 2815 τῇ
1268 2727 1371 2814 Ἀχιλ-

199 2835 295 2918 λέως,
328 2833 383 2900 καὶ
415 2835 476 2900 ὅσα
508 2832 561 2898 dal
580 2831 715 2919 Ἔργοις
741 2857 776 2898 τε
803 2833 858 2898 καὶ
882 2832 1047 2921 Ἡμέραις.
1093 2836 1246 2900 Pluribus
1274 2836 1371 2900 rebus

198 2941 303 3006 lucem
331 2941 424 3005 affert
451 2940 513 3004 hoc
535 2939 771 3023 testimonium,
800 2939 884 3004 unde
907 2940 1064 3006 discamus
1095 2939 1129 3030 1)
1151 2942 1270 3028 legisse
1292 2941 1372 3007 Pau-

202 3048 326 3112 saniam
364 3050 396 3110 ct
433 3046 502 3110 eius
536 3046 683 3131 aequales
716 3045 751 3108 in
783 3046 863 3110 suis
896 3047 1131 3131 exemplaribus
1163 3049 1372 3135 prooemium,

200 3153 341 3218 Boeotos
364 3175 430 3217 non
453 3153 657 3239 adgnouisse,
681 3150 716 3238 2)
735 3152 836 3217 fuisse
860 3154 1046 3237 plumbeum
1066 3156 1223 3240 quendam
1241 3155 1372 3241 librum,

200 3261 266 3325 sive
298 3256 401 3324 mavis
433 3259 561 3323 tabulas
593 3260 773 3344 plumbeas,
807 3261 841 3323 in
873 3261 991 3344 quibus
1024 3263 1223 3345 prooemium
1256 3262 1373 3347 deerat,

200 3364 235 3453 3)
259 3388 353 3431 usum
377 3388 446 3430 esse
468 3364 662 3430 Pausaniam
685 3366 866 3451 promiscue
888 3368 1075 3432 nominibus
1093 3366 1197 3454 Ἔργα
1219 3372 1253 3432 et
1268 3367 1373 3454 Ἔργα

199 3472 254 3538 καὶ
274 3471 414 3556 Ἡμέραι
442 3472 480 3536 de
507 3494 572 3536 uno
600 3472 773 3556 eodemque
796 3474 949 3560 carmine,
978 3473 1013 3561 4)
1036 3474 1137 3539 fuisse
1160 3475 1228 3539 eius
1251 3479 1373 3559 tempo-

199 3579 290 3643 ribus
325 3579 480 3663 quaedam
512 3578 728 3643 additamenta
760 3578 920 3664 Operibus
954 3580 1110 3646 adiuncta.
1159 3580 1207 3646 De
1239 3582 1372 3666 reliquis

200 3686 263 3750 erit
291 3708 349 3750 suo
377 3685 447 3750 loco
476 3686 656 3750 dicendum:
684 3708 769 3751 nunc
797 3687 876 3751 satis
905 3691 968 3774 est,
996 3687 1083 3770 quod
1104 3688 1223 3772 legisse
1245 3693 1373 3753 constat

199 3791 393 3856 Pausaniam
415 3792 548 3877 eiusque
572 3793 720 3877 aequales
743 3793 955 3858 Prooemium.
1002 3792 1111 3858 Addas
1133 3794 1185 3859 his
1191 3848 1200 3881 ,
1227 3818 1245 3859 a
1267 3794 1373 3859 Dione

201 3897 435 3983 Chrysostomo
444 3898 649 3964 Prooemium
663 3900 826 3986 integrum
839 3900 1007 3965 laudatum
1021 3922 1090 3965 esse
1096 3898 1133 3989 ¹),
1145 3901 1185 3965 ab
1196 3900 1339 3966 Aristide
1345 3899 1371 3989 ⁹)

200 4028 329 4070 versum
348 4005 383 4090 5,
411 4028 503 4090 quem
533 4006 631 4070 etiam
653 4004 847 4091 Apollonius
870 4006 1031 4091 Dyscolus
1053 4005 1229 4094 noverat.³)
1274 4006 1373 4072 Valet

201 4113 303 4198 igitur
321 4112 359 4177 de
377 4111 543 4177 Plutarchi
562 4117 667 4177 aetate
686 4113 779 4198 idem,
798 4113 884 4195 quod
902 4113 1031 4178 valebat
1049 4113 1088 4176 de
1105 4112 1229 4179 Proclo.
1261 4112 1372 4180 Altius

200 4219 396 4283 recedamus:
416 4220 565 4284 adeamus
582 4217 817 4283 Alexandrinos
837 4222 870 4283 et
888 4219 995 4303 quarti
1015 4219 1134 4283 saeculi
1147 4218 1371 4286 Athenienses.

199 4308 413 4329 ——L-

291 4362 317 4430 1)
337 4377 362 4414 v.
383 4365 451 4413 1-9
470 4359 501 4412 in
520 4361 589 4414 orat.
610 4364 653 4428 20,
673 4364 707 4412 24
725 4376 752 4428 p.
767 4362 819 4411 382
833 4357 866 4411 R.
936 4436 939 4443 Ι
1117 4430 1118 4433 ¹

290 4451 318 4520 2)
334 4449 441 4504 Romae
459 4449 534 4504 laud.
555 4455 570 4502 1
589 4467 616 4519 p.
632 4452 691 4502 338.
779 4449 805 4518 3)
824 4446 866 4500 De
885 4446 997 4503 adverb.
1016 4465 1044 4517 p.
1060 4453 1111 4504 562
1125 4448 1158 4505 B.
