2970 4980
563 307 604 362 De
622 306 718 362 indole
737 307 913 363 scholiorum.
1280 310 1323 375 43

152 468 381 555 Neoplatonici
413 471 544 537 nomine
571 472 718 536 exornari
746 475 878 557 coeptus
906 470 1002 560 est1),
1030 473 1120 537 cuius
1148 473 1186 538 de
1209 473 1324 540 studiis

152 577 324 643 Hesiodeis
360 579 547 643 innotuerat
583 579 815 663 videbaturque
850 600 969 644 nomen
1009 579 1147 664 quodam
1182 580 1252 645 iure
1288 604 1325 667 „a

153 682 294 770 potiori“
317 688 353 749 ut
377 685 468 751 aiunt
501 685 654 750 adhiberi.
701 685 777 751 Fuit
810 690 917 751 autem
949 687 1175 752 collectionum
1197 687 1325 753 illarum

152 791 187 856 id
211 806 308 877 quarn
330 793 468 857 maxime
491 793 675 880 proprium,
698 794 785 877 quod
807 794 988 878 promiscue
1010 793 1045 857 in
1068 795 1114 859 eis
1141 794 1325 859 ferebantur

153 900 321 983 utriusque
352 899 540 985 interpretis
574 899 709 986 scholia,
741 922 834 985 saepe
866 901 901 965 in
932 923 1033 966 unum
1065 901 1217 987 conflata,
1248 924 1325 967 non-

152 1027 330 1092 numquam
366 1011 460 1073 aucta
496 1007 623 1072 aliunde
660 1007 784 1092 petitis:
821 1030 858 1072 ea
890 1007 1026 1092 denique
1056 1008 1187 1073 licentia
1219 1009 1326 1073 omnia

153 1117 229 1178 sunt
260 1111 388 1200 habita,
421 1118 458 1180 ut
489 1136 548 1179 nec
579 1114 686 1179 Procli
717 1135 835 1179 nomen
865 1136 924 1179 nec
956 1116 1075 1201 siglum
1107 1115 1187 1180 illud
1219 1117 1327 1192 ἄλλως

154 1220 330 1305 quidquam
352 1221 431 1285 certi
453 1221 491 1286 de
510 1225 640 1285 auctore
659 1222 853 1287 contineant.
891 1220 1029 1287 Omnino
1048 1224 1155 1299 ἄλλως
1173 1222 1213 1286 ab
1232 1222 1325 1287 initio

153 1327 201 1392 ita
227 1327 354 1392 videtur
381 1328 523 1412 positum
552 1350 636 1414 esse,
662 1332 699 1392 ut
721 1329 805 1393 nihil
828 1328 1023 1414 significaret
1048 1329 1113 1393 nisi
1141 1350 1217 1415 esse,
1245 1351 1326 1413 quae

154 1437 372 1519 sequerentur.
417 1433 468 1499 Ita
500 1434 708 1522 factumest,
736 1440 773 1500 ut
801 1439 983 1520 temporum
1011 1435 1145 1501 decursu
1172 1437 1327 1521 gliscente
1413 1489 1415 1493 ,

155 1541 350 1607 adsciscendi
386 1544 418 1606 et
450 1542 689 1607 contaminandi
720 1542 827 1607 studio
859 1564 916 1626 per
947 1546 1051 1608 totam
1082 1543 1238 1627 pristinae
1266 1543 1327 1626 syl-

154 1650 245 1735 loges
283 1648 470 1734 progeniem
508 1651 693 1734 saepissime
730 1652 879 1734 excerpta
914 1650 965 1714 vel
997 1650 1091 1714 unius
1123 1650 1327 1734 eiusdemque

155 1756 378 1822 commentarii
400 1756 466 1822 illis
490 1757 591 1842 signis
615 1757 841 1842 dividerentur,
865 1757 940 1841 quia
961 1757 996 1820 in
1013 1757 1111 1822 variis
1129 1757 1327 1841 reperieban-

154 1866 210 1928 tur
224 1863 476 1950 collectionibus,
493 1885 596 1949 neque
610 1886 677 1928 non
690 1867 728 1928 ut
743 1886 824 1949 quae
839 1862 961 1928 scholia
975 1864 1115 1929 eiusdem
1129 1864 1327 1929 collectionis

154 1969 317 2035 habebant
342 1971 443 2058 signa,
466 1992 503 2035 ea
525 1971 688 2035 interdum
711 1971 914 2035 obicerentur
936 1975 1068 2054 propter
1091 1993 1174 2036 nova
1197 1971 1327 2057 scholia,

156 2099 237 2162 quae
256 2099 329 2141 oum
347 2077 466 2142 eisdem
485 2079 586 2164 signis
605 2078 713 2143 induci
732 2078 901 2143 debebant.
937 2077 988 2142 Ita
1006 2077 1058 2143 vel
1076 2076 1328 2142 diverssissimae

155 2184 292 2271 originis
310 2183 432 2249 scholia
447 2188 522 2249 sunt
536 2185 703 2269 permixta.
733 2184 794 2251 Sed
808 2207 847 2248 ex
862 2206 926 2268 quo
941 2185 1163 2270 gravissimam
1172 2183 1329 2248 iacturam

155 2291 231 2356 feeit
254 2291 400 2356 doctrina
423 2291 593 2375 utriusque
617 2292 812 2378 interpretis,
835 2291 954 2357 accedit
975 2292 1116 2355 studium
1135 2289 1328 2356 decurtandi.

154 2396 205 2463 Ita
237 2420 276 2462 ex
308 2398 465 2483 excerptis
498 2402 647 2483 excerpta
680 2403 755 2463 sunt
787 2402 878 2485 nata,
910 2421 949 2463 ex
982 2398 1053 2463 aliis
1085 2397 1328 2462 collectionibus

156 2509 285 2570 tantum
311 2504 381 2588 illa,
409 2527 490 2588 quae
518 2506 606 2569 varia
632 2504 683 2570 vel
712 2509 803 2570 erant
830 2505 882 2570 vel
910 2526 979 2569 esse
1005 2504 1210 2590 videbantur,
1237 2503 1328 2567 adde-

156 2613 275 2677 bantur
303 2615 335 2676 et
361 2633 402 2676 ne
429 2612 508 2677 haec
536 2613 665 2698 quidem
692 2613 757 2677 nisi
785 2616 945 2697 excerpta,
978 2633 995 2675 e
1022 2611 1170 2695 pluribus
1197 2609 1327 2675 scholiis

157 2741 257 2783 unum
275 2718 475 2784 efficiebatur
490 2720 581 2784 nulla
599 2741 674 2784 cura
694 2719 829 2805 originis
844 2718 964 2783 habita.
993 2717 1085 2794 Quod
1098 2723 1208 2783 tamen
1224 2717 1328 2781 nihilo

156 2827 264 2891 minus
293 2826 392 2891 etiam
419 2847 505 2895 nunc
531 2827 607 2891 licet
635 2849 674 2890 ex
700 2826 760 2891 hac
783 2826 993 2891 multifariam
1017 2826 1144 2890 detorta
1166 2824 1328 2909 farragine

156 2932 327 3016 utriusque
361 2933 548 3018 interpretis
580 2937 730 2998 naturam
762 2954 953 3019 cognoscere
984 2936 1015 2996 et
1047 2931 1187 2997 dividere
1214 2929 1329 2995 doctri·

156 3061 241 3124 nam,
260 3039 409 3124 quodque
428 3041 568 3124 exceptis
592 3040 741 3124 plurimis
763 3040 842 3105 loeis
866 3044 976 3104 tamen
997 3043 1130 3126 restant,
1153 3039 1189 3104 in
1211 3038 1328 3124 quibus

156 3168 213 3230 per
237 3148 345 3223 ἄλλως
367 3146 402 3211 in
425 3146 612 3211 universum
634 3151 721 3212 recte
744 3146 971 3231 disiungantur
991 3147 1109 3212 veteris
1129 3146 1330 3233 grammatici

158 3253 280 3318 scholia
304 3276 322 3317 a
344 3253 537 3339 Proclianis,
558 3252 656 3318 huius
679 3253 727 3317 rei
750 3257 815 3317 tres
840 3253 868 3317 si
891 3253 969 3336 quid
993 3252 1084 3318 video
1108 3257 1184 3318 sunt
1208 3275 1328 3318 causae.

157 3357 302 3424 Primum
328 3360 498 3444 utriusque
527 3360 713 3444 interpretis
741 3364 870 3447 natura,
901 3360 1039 3446 indoles,
1065 3360 1149 3425 ratio
1177 3361 1331 3445 interpre-

157 3467 246 3531 tandi
270 3470 339 3531 tarn
360 3466 456 3553 longe
480 3466 598 3531 recedit
621 3467 662 3531 ab
686 3466 796 3552 altero,
819 3471 856 3530 ut
879 3467 989 3551 paucis
1008 3468 1148 3552 exceptis
1166 3467 1246 3533 locis
1264 3488 1331 3531 non

158 3573 324 3656 potuerint
357 3573 407 3638 vel
444 3574 484 3638 ab
522 3574 633 3639 inseiis
666 3573 891 3639 collectoribus
925 3579 957 3639 et
989 3574 1229 3657 excerptoribus
1261 3593 1330 3657 per-

159 3679 295 3744 misceri.
346 3680 429 3744 Tum
461 3703 499 3744 ex
530 3681 684 3765 primaria
713 3680 747 3744 id
775 3701 875 3766 genus
904 3681 1106 3767 collectione,
1134 3702 1230 3765 quam
1260 3679 1330 3743 iure

160 3786 245 3852 dicas
269 3791 442 3873 utrumque
465 3791 551 3852 recte
574 3787 768 3873 dignovisse,
790 3788 929 3872 plurima
951 3788 1079 3872 integra
1101 3790 1177 3851 sunt
1196 3788 1329 3850 servata.

160 3889 306 3977 Denique
333 3894 367 3958 in
395 3896 632 3979 comparatione
660 3895 812 3959 instituta
839 3894 923 3958 inter
947 3892 1070 3958 codices
1093 3892 1271 3958 Hesiodeos
1298 3896 1331 3958 et

161 4021 209 4087 ea,
237 4022 318 4083 quae
346 4000 498 4066 exhibent
526 4001 655 4087 Taetza,
681 3999 927 4087 Moschopulus,
956 4003 1101 4065 auctores
1129 4000 1331 4086 Etymologi-

161 4127 279 4190 eorum,
302 4106 506 4191 Eustathius,
529 4108 593 4192 alii,
617 4109 868 4172 instrumentum
888 4106 1048 4192 quoddam
1066 4111 1195 4192 praesto
1220 4111 1269 4171 est
1292 4107 1331 4170 ad

250 4267 276 4332 1)
296 4262 434 4328 Quoniam
456 4264 640 4320 vetustissimi
662 4264 729 4318 libri
752 4267 797 4334 (ex
820 4263 922 4333 quibus
945 4266 1041 4318 tamen
1060 4265 1122 4319 Par.
1141 4264 1167 4318 A
1186 4261 1269 4317 initio
1288 4265 1331 4317 est

160 4354 286 4422 mancus)
308 4368 411 4407 nomen
434 4353 557 4409 auetorr's
576 4372 633 4410 non
652 4353 798 4422 exhibent,
820 4352 976 4409 excitamur
994 4353 1032 4408 ad
1051 4351 1251 4424 suspicionem,
1275 4368 1332 4421 qua

162 4441 340 4511 coniciamus,
358 4441 452 4497 Procli
469 4460 572 4498 nomen
591 4445 703 4499 demum
723 4461 740 4498 a
758 4444 862 4499 Tactus
880 4442 1027 4498 inductum
1045 4458 1114 4498 esse.
