2970 4980
366 311 408 366 De
428 310 550 382 Operum
569 310 693 366 versibus
713 310 750 365 ab
769 309 893 381 antiquis
911 311 1044 368 laudatis.
1231 285 1295 378 21⁹7

122 479 154 540 et
185 473 302 540 Suidae
337 497 360 540 s.
384 499 412 540 v.
444 457 588 559 έλεδώνη
606 472 643 540 lb
668 475 730 540 176
746 474 798 562 Β.,
831 475 1051 562 lexicographi
1080 476 1180 543 Paris.
1211 479 1296 564 apud

122 581 261 648 Cramer.
280 581 397 649 Anecd.
417 583 487 648 Par.
502 582 551 648 IV
569 607 599 667 p.
616 583 688 664 132,
705 585 735 669 9,
754 585 906 667 anonymi
925 584 1009 668 apud
1024 581 1162 650 Cramer.
1177 584 1297 652 Anecd.

122 689 223 756 Oxon.
246 689 279 755 ll
302 714 331 775 p.
352 690 427 777 437,
449 691 492 756 23
525 690 596 778 (ubi
629 688 744 756 τένθει
777 694 827 755 est
857 691 1049 756 manifestus
1082 713 1170 757 error
1202 693 1296 758 scri-

122 797 250 885 bendi,
277 820 353 863 nam
381 795 598 863 Choerobosci
626 802 675 863 est
703 796 881 882 disputatio
910 822 926 863 e
951 797 1089 864 Suidae
1115 799 1218 865 lexico
1247 823 1298 865 ex·

122 906 256 991 scripta3
282 906 368 970 idem
395 905 518 970 factum
545 905 634 971 vides
662 905 698 970 in
724 928 773 970 vv.
793 905 971 970 436-440
999 929 1023 971 ε.
1042 930 1070 971 v.
1101 909 1297 992 ζυγομαχεῖν

122 1010 198 1099 (An.
218 1011 276 1078 Ox.
294 1011 327 1077 H
351 1036 383 1097 p.
403 1012 478 1098 443,
497 1012 554 1100 29)
584 1017 616 1077 et
643 1013 705 1077 hoc
733 1034 861 1097 quoque
884 1013 954 1078 loco
979 1036 1103 1078 summa
1125 1014 1240 1078 menda
1263 1015 1298 1079 in

122 1120 289 1185 scribendo
309 1118 509 1207 commissa);
532 1120 611 1184 adde
630 1119 724 1185 alios:
743 1119 942 1204 Hesychium
957 1143 980 1186 s.
991 1144 1029 1206 v.‚
1050 1122 1296 1206 grammaticum

121 1227 344 1292 doctissimum
368 1225 601 1315 (Herodianum
622 1225 776 1314 nonnel),
798 1250 894 1312 quem
913 1227 1068 1312 expilavit
1086 1227 1237 1294 Eustath.
1257 1229 1296 1293 ad

122 1333 159 1400 Π.
182 1358 212 1418 p.
234 1335 307 1421 773,
326 1337 379 1423 29,
410 1334 501 1422 alios,
534 1356 671 1419 quorum
704 1334 867 1400 doctrinae
897 1335 982 1400 nihil
1014 1339 1064 1400 est
1092 1335 1279 1400 necess'tati

122 1464 194 1507 cum
210 1439 447 1528 Choerobos003
465 1442 530 1507 nisi
547 1464 618 1507 eam
637 1464 764 1526 quoque
784 1464 822 1507 ex
835 1441 1020 1507 Herodiano
1038 1443 1140 1507 maris
1155 1441 1297 1530 fluxisse,

121 1551 154 1617 id
186 1549 273 1634 quod
304 1571 364 1635 ego
396 1572 463 1615 non
494 1549 726 1635 denegaverim.
772 1549 1008 1614 Testimonium
1038 1549 1202 1634 Antigoni
1225 1546 1295 1614 Car.

122 1661 298 1742 praetereo,
327 1657 383 1741 qui
410 1657 444 1721 in
470 1657 556 1722 Hist.
584 1657 654 1721 mir.
679 1653 763 1744 (Par.
788 1654 839 1722 Gr.
859 1655 950 1743 XXI,
968 1656 1011 1721 25
1040 1658 1086 1722 ed.
1105 1654 1292 1742 Westerm.)

121 1786 188 1830 non
211 1764 319 1829 addito
342 1768 456 1849 poetae
478 1765 622 1849 nomine,
645 1786 740 1828 versu
763 1767 800 1828 ut
822 1765 994 1829 notissimo
1018 1786 1106 1851 usus,
1127 1764 1296 1850 neglegen-

121 1872 246 1936 tissime
269 1869 379 1956 τέμνει
402 1871 563 1957 exhibuit3
587 1894 684 1956 quam
706 1871 876 1936 lectionem
900 1872 928 1936 si
950 1872 1000 1937 vis
1024 1872 1133 1956 potius
1153 1871 1295 1957 glossam

123 1979 236 2043 ducere
266 1983 299 2044 et
330 1979 456 2044 crimini
486 1978 561 2044 dare
589 1978 738 2066 libraria,
767 2000 833 2043 non
863 1979 1055 2043 obstiterim.
1102 1977 1164 2043 Sed
1186 1978 1296 2064 fuisse,

123 2087 179 2170 qui
207 2085 340 2151 mallent
371 2086 456 2170 apud
483 2085 662 2151 Hesiodum
693 2086 790 2150 scribi
818 2084 953 2151 τένθειν
981 2087 1037 2150 διὰ
1065 2095 1126 2152 τοῦ
1152 2071 1179 2151 θ
1207 2085 1297 2150 scho-

121 2192 217 2258 liasta
244 2193 284 2258 ad
306 2191 405 2258 Arist.
428 2193 499 2258 Pac.
521 2193 607 2258 1009
631 2193 676 2258 ed.
701 2193 812 2277 Blayd.
836 2192 983 2277 tradidit,
1012 2193 1068 2277 qui
1096 2193 1165 2277 ipse
1188 2191 1296 2259 τένδει

123 2304 229 2366 servat
256 2304 293 2365 ut
320 2301 539 2386 genuinum3
568 2322 607 2364 ex
635 2322 699 2384 quo
727 2298 849 2364 scholio
872 2321 939 2364 non
961 2299 1095 2364 insolito
1120 2300 1183 2364 sibi
1205 2299 1296 2365 fonte

122 2406 236 2472 Suidas
254 2406 305 2472 Hb
330 2408 416 2472 1072
430 2408 466 2472 Β.
491 2431 513 2472 s.
533 2431 562 2472 v.
585 2405 721 2484 τένθαις
740 2429 798 2470 sua
816 2406 993 2490 exscripsit.
1026 2405 1088 2482 Qui
1106 2406 1228 2470 fuerint
1245 2405 1296 2469 illi

122 2514 186 2600 alii,
207 2516 376 2601 nescimus,
396 2537 539 2580 necnon
558 2514 640 2580 unde
658 2514 736 2579 haec
755 2514 900 2578 doctrina
918 2513 1098 2598 pervenerit
1117 2512 1152 2576 in
1169 2509 1296 2577 Aristo·
1410 2582 1412 2586 ,

122 2621 236 2704 phanis
259 2621 424 2687 scholium.
462 2621 584 2686 Tamen
604 2644 673 2686 eam
692 2643 821 2705 quoque
839 2621 940 2685 fuisse
959 2620 1037 2686 olim
1056 2621 1091 2685 in
1114 2620 1295 2685 veterrimis

122 2728 263 2815 scholiis,
283 2732 378 2813 atque
397 2729 448 2793 vel
465 2750 532 2794 non
550 2728 624 2793 inde
638 2729 829 2813 exscriptam
843 2751 862 2792 a
878 2727 1102 2793 Choerobosco
1117 2727 1168 2792 vel
1181 2731 1295 2811 postea

121 2836 358 2918 pessumdatam
381 2836 449 2900 iure
472 2835 553 2900 mihi
574 2836 685 2900 videor
703 2836 867 2920 suspicari.
901 2833 978 2900 Inde
996 2835 1058 2899 hoc
1075 2834 1294 2920 fragmentum

121 2941 253 3025 Didymi
281 2943 450 3007 restituam
478 2941 531 3031 (ef.
555 2940 713 3007 Ohoerob.
736 2965 766 3026 p.
786 2942 862 3029 315,
881 2940 929 3030 9):
962 2940 1105 3007 τένδει·
1140 2945 1293 3027 σημαίνει

122 3050 158 3113 τὸ
183 3047 289 3114 ἐσθίει
312 3051 407 3114 κατὰ
430 3051 578 3134 τροπὴν
600 3059 670 3114 τοῦ
693 3048 948 3133 ιἰντιστοίχου
972 3049 1059 3114 οὕτω
1083 3046 1200 3136 ῥηθέν,
1224 3046 1294 3113 έιιεὶ

122 3153 243 3238 τένθης
270 3154 399 3238 λέγεται
428 3157 445 3223 ὁ
470 3157 645 3241 ὀξνπείνης
667 3155 723 3222 καὶ
745 3155 941 3241 προτένθης.
987 3158 1100 3223 ἄλλοι
1124 3152 1168 3220 δέ
1188 3178 1295 3232 τινες

121 3260 233 3327 τένθει
266 3263 322 3327 διὰ
354 3273 413 3329 τοῦ
440 3250 475 3329 θ.
520 3263 679 3347 Didymus
712 3268 819 3328 autern
852 3263 880 3327 si
910 3263 991 3348 legit
1019 3266 1052 3326 et
1081 3263 1149 3347 ipse
1176 3260 1295 3349 τένδει,

120 3369 210 3433 nulla
239 3373 346 3434 exstat
372 3371 512 3436 varietas
538 3370 695 3436 lectionis.
720 3411 761 3417 -
785 3369 861 3436 Alia
888 3393 938 3434 res
966 3373 1014 3434 est
1040 3370 1079 3434 de
1102 3392 1197 3435 versu
1219 3367 1295 3434 525.

120 3475 187 3542 Ubi
214 3476 401 3542 traditum
431 3482 479 3542 est
502 3476 557 3543 καὶ
579 3479 692 3564 ἤθεσι,
718 3501 793 3542 nam
815 3479 850 3543 in
873 3478 1109 3543 recentissimos
1132 3477 1235 3542 libros
1259 3477 1295 3543 έν

121 3584 219 3666 ἤθεσι
242 3584 373 3668 irrepsit
396 3607 412 3650 e
437 3585 559 3649 scholio
582 3584 697 3671 Procli,
721 3585 756 3649 in
777 3585 874 3649 huius
898 3589 1005 3650 autem
1029 3585 1295 3650 commentarium

122 3712 138 3754 e
161 3689 349 3778 Plutarcho,
380 3691 415 3755 id
442 3692 528 3776 quod
555 3692 593 3756 fit
620 3692 826 3757 manifestum
854 3696 1039 3776 comparato
1067 3691 1163 3755 huius
1191 3691 1294 3775 ipsius

121 3799 306 3864 testimonio
340 3798 393 3888 (de
425 3799 532 3863 solert.
565 3799 660 3863 anim.
693 3822 722 3882 p.
748 3798 813 3864 965
826 3799 848 3863 f.
872 3798 933 3886 Vl,
952 3799 993 3862 29
1009 3795 1059 3884 B.)
1085 3836 1126 3842 -
1156 3796 1244 3873 Quae
1276 3821 1295 3862 a

120 3904 304 3990 Phrynicho
341 3906 514 3971 traduntur
551 3905 590 3970 ad
621 3927 750 3970 versum
782 3904 846 3971 528
879 3905 913 3969 in
945 3903 1143 3969 Bachmanni
1176 3902 1294 3969 Anecd.

121 4010 219 4097 gnss
241 4011 366 4100 p.385,
387 4014 438 4099 16,
470 4012 595 4096 omitto,
627 4013 704 4097 quia
730 4012 778 4077 ibi
805 4033 906 4077 unum
931 4012 1123 4076 vocabulum
1153 4013 1294 4099 βράδιον

121 4119 342 4207 confirmatur,
369 4119 495 4205 reliqua
517 4123 625 4184 tamen
647 4116 721 4203 παρ’
741 4117 876 4201 Ἕλλησι
899 4119 946 4183 ita
970 4122 1045 4183 sunt
1068 4124 1233 4203 corrupta,
1256 4122 1294 4183 ut

121 4225 156 4288 in
186 4248 315 4291 versum
347 4227 447 4311 recipi
478 4248 545 4290 non
575 4226 710 4310 possint.
758 4225 974 4291 dhoerobosci
1006 4227 1165 4291 scholium
1196 4226 1293 4291 huius

120 4353 232 4395 versus
265 4334 434 4417 exscripsit
465 4333 607 4398 Zonaras
634 4356 663 4417 p.
684 4333 747 4396 407
778 4355 802 4398 s.
825 4355 853 4397 v.
886 4335 1103 4421 βραδύτερον,
1135 4332 1293 4398 Zonaram

121 4435 343 4527 Thomfjhlag.
366 4463 397 4526 p.
417 4438 460 4504 64
484 4439 530 4503 ed.
553 4438 707 4506 Ritsohel.
732 4439 840 4505 eadem
864 4462 888 4506 s.
907 4463 936 4505 v.
