2970 4980
440 374 443 378 -
528 332 641 390 Scholia
654 334 764 390 Veteris
782 334 953 406 interpretis.
1285 340 1327 404 83

152 495 324 562 Procliana
343 520 472 583 quoque
490 523 519 584 p.
538 500 611 587 122,
627 499 711 563 1-5
735 501 944 585 grammatica
968 501 1125 586 exscripta
1144 525 1163 566 a
1180 502 1327 568 Moscho-

153 603 247 688 pulo,
283 626 342 668 nec
372 626 437 669 non
472 627 553 690 quae
585 606 701 671 Tnetza
737 608 775 672 de
811 629 887 672 voce
925 606 1112 691 ἐναλίγκιον
1150 609 1326 693 disputavit

153 731 183 793 p.
207 710 279 796 122,
298 711 349 775 24.
395 711 441 776 Et
464 735 537 777 cum
557 713 625 778 eius
644 714 710 778 sint
728 715 827 779 verba
845 737 875 798 p.
897 715 969 799 123,
990 715 1128 801 14-16,
1146 718 1325 782 necessario

154 837 191 880 ea
215 839 342 902 quoque
366 819 415 883 illi
438 820 587 906 adiungo,
606 844 687 906 quae
706 822 867 886 immerito
887 844 959 886 cum
977 821 1155 887 Proclianis
1174 824 1209 887 in
1226 847 1326 889 unum

154 923 314 988 scholium
346 930 422 990 sunt
454 929 672 993 contaminata
705 953 734 1013 p.
761 928 838 1015 125,
864 930 962 1014 1-2,
994 950 1130 1013 cumque
1161 930 1213 994 his
1246 953 1327 1014 quae

153 1030 268 1095 Taetza
300 1032 338 1096 de
371 1034 481 1098 eodem
512 1035 668 1100 vocabulo
703 1037 882 1122 παυρίδιον
916 1037 1122 1122 grammatice
1150 1036 1327 1120 disputavit

152 1160 183 1221 p.
210 1139 287 1224 122,
311 1139 415 1205 3-5.
469 1141 558 1206 Idem
589 1143 725 1206 fortasse
757 1143 842 1207 valet
874 1142 912 1206 de
940 1142 1072 1207 Tzetzae
1099 1143 1327 1228 disputatione,

154 1266 235 1329 quae
263 1250 311 1310 est
341 1247 379 1311 de
406 1246 566 1331 particula
593 1249 748 1332 ἔμπηςρ.
772 1248 895 1333 129,1.
947 1247 1068 1313 Locum
1090 1270 1166 1312 vero
1190 1249 1327 1313 similem

153 1351 261 1439 thm.
285 1353 397 1438 Magni
419 1376 449 1438 p.
470 1352 544 1439 335,
563 1354 605 1418 29
629 1354 737 1437 potuit
756 1354 824 1418 eius
843 1358 955 1418 auctor
973 1355 1071 1418 etiam
1089 1377 1128 1419 ex
1146 1354 1327 1419 Homericis

151 1458 285 1524 scholiis
313 1460 500 1524 exscribere.
557 1457 618 1523 sed
650 1460 824 1545 vestigium
854 1460 968 1524 saltem
996 1461 1113 1525 veteris
1140 1462 1327 1546 interpretis

154 1569 259 1631 exstat
290 1567 358 1631 sine
386 1567 484 1631 dubio
512 1568 547 1631 in
583 1566 754 1651 marginali
782 1566 989 1631 adnotatione
1011 1567 1051 1631 ad
1074 1591 1101 1632 v.
1124 1568 1184 1632 141
1210 1568 1327 1634 codicis

153 1673 356 1738 Monacensis
386 1670 440 1760 (cf.
466 1671 646 1737 Usenerum
667 1671 688 1735 l.
711 1672 731 1736 1.
755 1695 787 1756 p.
805 1669 899 1760 591):
931 1696 981 1759 γρ.
1010 1673 1162 1757 φύλακες.
1208 1672 1327 1739 Nullus

153 1784 261 1845 tamen
284 1784 333 1845 est
356 1779 403 1843 ibi
426 1779 516 1843 locus
539 1779 717 1863 compendii
741 1803 791 1863 γρ.
834 1778 1087 1864 Exegeticum
1109 1780 1240 1866 aliquid,
1261 1803 1328 1845 non

154 1887 333 1951 criticum
360 1887 485 1972 subest3
512 1886 657 1950 conferas
685 1887 780 1950 modo
804 1909 832 1950 v.
855 1886 917 1950 123
941 1889 973 1950 et
994 1885 1170 1951 Procliana.
1217 1887 1328 1952 Miser·

154 1994 234 2058 rime
257 1994 358 2079 igitur
382 1996 431 2058 est
454 1997 603 2057 truncata
626 1993 794 2077 proposita
818 2016 836 2057 a
856 1991 974 2058 Vetere
996 1993 1057 2058 hoc
1079 1993 1150 2058 loeo
1174 1994 1327 2058 doctrina.

158 2139 196 2148 —
216 2099 268 2165 Ad
286 2123 314 2165 v.
332 2100 396 2164 144
409 2099 529 2165 tradita
543 2103 618 2164 sunt
636 2100 699 2163 duo
719 2099 842 2164 scholia
855 2123 884 2183 p.
902 2100 974 2186 129,
988 2099 1129 2186 21-25,
1149 2123 1230 2186 quae
1244 2102 1328 2166 inter

155 2229 189 2272 se
203 2207 418 2293 consentiunt,
433 2210 579 2293 pugnant
593 2229 668 2272 vero
684 2229 757 2271 cum
771 2206 938 2271 Procliano
954 2230 983 2290 p.
1005 2208 1077 2272 128.
1113 2206 1228 2292 Itaque
1246 2207 1328 2272 falsa

155 2318 203 2379 est
227 2314 392 2379 distinctio
411 2336 468 2397 per
487 2316 596 2391 ἄλλως
613 2315 712 2378 facta:
736 2318 908 2398 utrumque
927 2315 1045 2379 veteris
1064 2318 1113 2379 est
1132 2314 1327 2398 interpretis.
1390 2355 1392 2358 -

156 2421 220 2486 Est
238 2414 346 2486 autem
364 2422 506 2487 eiusdem
523 2422 608 2486 inter
622 2420 825 2504 Moschopuli
845 2442 972 2505 quoque
991 2421 1145 2504 reliquias
1158 2443 1189 2504 p.
1202 2421 1274 2504 131,
1285 2421 1328 2484 30

159 2528 246 2592 -32
260 2533 456 2615 excerptum,
471 2529 589 2612 quippe
604 2530 690 2613 quod
704 2528 866 2612 pertineat
880 2528 919 2592 ad
928 2527 1065 2592 formam
1078 2522 1262 2612 ἦνε-ἦσαν
1276 2528 1328 2592 ad-

153 2636 275 2700 iunctis
298 2635 518 2721 grammaticis
540 2635 872 2720 interpretationibus.

244 2742 350 2807 Multo
383 2741 545 2806 difficilior
577 2745 626 2807 est
649 2764 699 2806 res
732 2742 767 2806 in
796 2741 918 2807 scholio
948 2743 987 2807 ad
1014 2765 1042 2807 v.
1065 2742 1126 2806 148
1155 2741 1327 2825 adscripto.

154 2848 270 2913 Taetza
298 2849 384 2914 enim
412 2870 497 2933 quae¹
520 2848 664 2933 exhibet,
691 2871 727 2914 ea
755 2849 899 2913 confudit
926 2870 1029 2932 neque
1060 2852 1146 2912 recte
1167 2848 1328 2912 intellexit

154 2978 186 3039 p.
209 2955 449 3043 131,16—20;
477 2960 584 3021 tamen
612 2955 663 3020 vel
686 2955 732 3019 sic
754 2956 961 3020 manifestum
984 2959 1033 3019 est
1064 2954 1104 3018 ab
1128 2976 1165 3018 eo
1188 2958 1328 3018 veterem

155 3061 364 3146 interpretem
387 3084 457 3127 esse
480 3063 685 3146 exscriptum.
724 3061 832 3126 Habet
851 3066 959 3126 autem
982 3062 1020 3125 de
1038 3061 1149 3126 eodem
1172 3060 1327 3125 vocabulo

156 3166 303 3256 (ἄαπτοι)
332 3170 472 3253 plurima
500 3173 611 3238 auctor
641 3169 750 3253 Etym.
778 3168 890 3254 Magni
917 3192 947 3253 p.
970 3169 1002 3254 1,
1021 3168 1077 3255 34,
1105 3171 1137 3232 et
1165 3167 1227 3232 hoc
1256 3168 1327 3251 ipso

154 3275 208 3340 vel
229 3276 323 3359 plura
345 3275 539 3340 Eustathius
564 3277 603 3340 ad
625 3274 758 3340 Iliadem
776 3276 793 3341 I
814 3276 887 3361 122,
905 3275 1045 3339 36-43.
1091 3274 1180 3338 Ηοοο
1202 3278 1328 3339 constat

154 3381 236 3447 mihi
262 3404 330 3447 non
355 3383 536 3448 manavisse
564 3406 602 3447 ex
626 3382 756 3448 scholiis
779 3382 960 3447 Homericis
983 3383 1023 3446 ad
1045 3380 1169 3465 1567,
1191 3381 1328 3446 maxime

156 3489 243 3574 quod
274 3489 404 3554 exhibet
431 3489 626 3554 Hustathius
654 3493 821 3554 auctorum
848 3489 992 3575 nomina,
1021 3511 1101 3572 quae
1129 3511 1168 3552 ex
1195 3488 1328 3572 reliquis

154 3596 301 3661 fontibus
328 3596 458 3661 haurire
484 3618 551 3660 non
577 3597 692 3680 potuit.
750 3593 870 3660 Contra
898 3597 1005 3660 omnia
1033 3599 1118 3659 recte
1145 3595 1329 3679 procedunt,

155 3702 185 3766 si
217 3703 311 3768 modo
349 3702 522 3768 statuimus
561 3703 718 3788 originem
749 3703 827 3767 haec
863 3703 992 3766 duxisse
1024 3724 1061 3766 ex
1099 3700 1328 3765 commentario

154 3807 317 3873 Hesiodeo
341 3810 459 3874 veteris
478 3810 687 3895 grammatici.
725 3808 827 3884 Quem
844 3809 994 3873 hocloco
1013 3807 1175 3893 egregiam
1193 3804 1329 3871 Alexan-

156 3912 324 3980 drinorum
342 3916 520 3980 doctrinam
540 3915 777 3982 conservavisse
800 3916 884 3980 infra
902 3938 932 3999 p.
950 3913 1013 3980 150
1031 3914 1267 3978 demonstrabo.
1286 3951 1330 3960 —

245 4021 386 4087 Difficile
396 4026 481 4088 esset
491 4022 588 4087 etiam
599 4021 757 4086 scholium
767 4022 806 4087 ad
818 4044 846 4086 v.
861 4020 924 4085 154
933 4022 1112 4106 restituere,
1126 4020 1154 4084 si
1168 4020 1238 4085 sola
1251 4019 1330 4083 haec

154 4128 346 4194 haberemus
362 4129 491 4194 scholia.
519 4129 630 4194 Tradit
644 4129 729 4193 enim
738 4128 854 4193 Tnetna
869 4128 1023 4212 quaedam
1033 4127 1072 4191 de
1081 4149 1158 4192 voce
1168 4129 1330 4209 ἔκπαγλος

154 4239 189 4300 et
227 4235 339 4300 statim
375 4239 503 4301 tantum
538 4258 605 4301 non
641 4235 832 4300 nominatim
865 4235 998 4322 indicat,
1030 4236 1113 4299 unde
1147 4232 1328 4317 sumpserit.

155 4341 250 4419 Quod
277 4342 306 4407 si
332 4342 417 4407 idem
446 4342 550 4407 multa
577 4345 614 4406 ut
637 4341 720 4406 scitu
743 4363 809 4406 non
831 4341 928 4426 digna
952 4341 1110 4425 sprevisse
1133 4361 1166 4404 se
1190 4339 1330 4403 affirmat

155 4447 202 4538 (p.
224 4447 300 4535 134,
326 4451 380 4514 19:
413 4448 496 4516 ἀλλὰ
523 4452 558 4515 τί
582 4447 618 4513 ἐν
641 4460 711 4526 τοῖς
733 4447 822 4514 πάνυ
845 4445 966 4533 σαφέσι
988 4452 1251 4530 ιιολνλογοῦμεν,
1273 4469 1330 4510 ιια-

1082 4551 1117 4604 6.
