2970 4980
356 328 511 385 Aristonici
529 331 593 399 περλ
612 331 732 400 σημείων
750 337 800 384 τοῦ
816 326 948 385 Ἡσιόδου
965 329 1132 400 fragmenta.
1265 329 1328 394 139

157 493 380 578 interpretatio
412 494 476 578 ipsi
504 494 700 560 attribuatur
726 492 961 580 Aristarcho,¹)
989 493 1023 558 id
1051 493 1137 579 quod
1166 515 1263 558 unam
1287 493 1328 558 ob

158 623 286 667 eausam
304 600 463 685 improbo,
482 601 569 686 quod
587 600 832 666 Mitscherliehii
853 601 1065 684 explicatione
1080 624 1098 666 a
1112 600 1329 684 Passovioque

157 707 275 773 collato
302 729 398 773 versu
420 734 439 774 τ
460 709 492 796 l,
516 730 628 773 sensus
656 711 763 773 rectus
787 708 924 773 efficitur
948 708 1182 795 significatione
1210 707 1330 773 scilicet

157 815 330 880 verborum
352 815 479 901 vulgari
506 837 573 880 non
599 818 735 901 mutata,
762 837 867 899 neque
896 835 955 900 ego
978 814 1202 880 Aristarchum
1224 815 1330 879 minus

156 923 296 1006 peritum
324 922 519 987 crediderim.

246 1028 300 1095 Ad
323 1053 351 1095 v.
371 1029 434 1098 637
464 1030 611 1115 equidem
633 1053 762 1117 moneo,
788 1052 829 1095 ne
853 1030 1049 1116 attingamus
1072 1029 1179 1094 Procli
1202 1029 1331 1115 scholia,

157 1137 191 1201 id
219 1137 305 1220 quod
331 1137 408 1202 fecit
437 1136 586 1202 Flachius
609 1161 639 1221 p.
658 1137 739 1225 439,
764 1139 799 1201 in
827 1138 959 1224 quibus,
985 1137 1043 1201 ubi
1070 1159 1110 1202 ex
1137 1136 1330 1201 Plutarcheo

157 1244 387 1309 commentario
416 1245 567 1310 obscuras
598 1244 769 1310 memorias
801 1244 1057 1330 proscriptorum
1084 1265 1234 1308 versuum
1264 1265 1330 1308 non

158 1351 297 1438 invenis,
324 1354 410 1416 certo
439 1350 526 1416 aliud
553 1351 728 1437 quidquam
756 1352 796 1417 ad
818 1351 1109 1417 Alexandrinorum
1134 1350 1239 1414 studia
1262 1373 1330 1434 per-

158 1459 264 1524 tinens
295 1479 336 1522 ne
365 1458 612 1543 exspectaverim
645 1458 701 1523 sed
732 1459 768 1522 in
799 1456 1016 1524 Ohoerobosci
1048 1458 1170 1523 scholio
1202 1482 1232 1542 p.
1256 1458 1331 1544 363,

161 1563 202 1630 15
230 1565 361 1649 propria
387 1564 540 1650 leguntur
567 1563 744 1632 Aristonici
774 1565 871 1630 verba
899 1564 935 1630 ἐν
962 1568 1184 1651 παραλλήλου.
1216 1605 1253 1612 -
1279 1566 1331 1632 Ad

157 1696 187 1737 v.
207 1672 270 1737 641
296 1677 364 1737 erat
387 1672 516 1758 signum
538 1671 720 1737 Aristarchi
742 1677 874 1757 propter
897 1672 1089 1737 vocabulum
1112 1675 1209 1757 τύνη,
1231 1676 1268 1738 ut
1291 1675 1331 1738 ad

158 1801 287 1844 versum
305 1779 355 1867 10,
378 1782 410 1844 et
427 1779 604 1845 Aristonici
623 1779 731 1844 eadem
750 1779 930 1865 explicatio,
949 1778 1005 1845 sed
1022 1779 1120 1844 huius
1138 1781 1184 1845 rei
1204 1781 1331 1845 nullum

160 1891 211 1953 est
233 1887 406 1973 vestigium
430 1890 589 1952 servatum
613 1887 649 1952 in
669 1887 790 1951 nostris
814 1886 956 1973 scholiiS,
974 1908 1046 1951 cum
1064 1887 1143 1952 illud
1163 1911 1192 1971 p.
1203 1887 1277 1975 364,
1287 1888 1331 1953 30

160 1995 379 2078 conscriptum
393 1995 506 2060 ducam
521 2019 539 2060 a
553 1994 668 2060 Tzetza
682 2016 822 2059 memore
837 1994 978 2059 eiusdem
990 1994 1105 2059 scholii
1116 1993 1331 2060 Choerobosci

159 2101 295 2168 adv.10.
323 2099 362 2166 In
375 2102 471 2186 pleno
486 2102 715 2167 commentario
730 2106 838 2166 tamen
852 2099 1069 2167 Choerobosci
1080 2123 1120 2166 ne
1130 2101 1192 2166 hoo
1202 2102 1331 2186 quidem

158 2210 230 2274 loco
250 2209 284 2273 id
299 2230 401 2295 genus
421 2209 586 2273 adnotatio
606 2209 723 2295 deerat,
742 2213 797 2274 aut
816 2208 1042 2294 relegebantur
1057 2209 1112 2293 qui
1126 2191 1277 2294 legebant
1291 2210 1332 2274 ad

158 2316 267 2381 locum
283 2316 432 2402 priorem,
455 2316 489 2381 id
512 2317 597 2400 quod
616 2317 737 2381 factum
760 2338 829 2380 essa
853 2315 925 2380 aliis
944 2315 1024 2380 locis
1042 2316 1107 2380 iam
1126 2315 1272 2381 vidimus.
1291 2354 1328 2363 —

159 2423 301 2489 Versum
320 2423 384 2489 649
408 2422 563 2489 delevisse
582 2423 743 2488 videretur
761 2422 969 2487 Aristarchus
988 2426 1121 2507 propter
1139 2422 1332 2487 sententiam

162 2530 210 2595 ibi
234 2531 424 2617 expositam,
443 2531 471 2595 si
488 2530 666 2595 Aristonici
685 2529 907 2614 explicationis
926 2529 1021 2594 nobis
1039 2533 1125 2594 recte
1144 2534 1250 2594 essent
1269 2551 1331 2594 ser·

160 2640 237 2704 vata
255 2637 406 2724 vestigia:
425 2650 573 2722 σημεῖον,
592 2638 642 2703 ὅτι
664 2637 832 2702 ἀθετεῖται
851 2637 869 2703 ὁ
890 2640 999 2722 στίχος
1018 2631 1127 2712 οὗτος·
1152 2637 1255 2702 εἰπὼν
1268 2637 1331 2720 γὰρ

161 2740 248 2810 εἶναι
267 2746 403 2830 ἄπειρος
421 2747 601 2827 ναυτιλίας,
620 2754 689 2821 πῶς
704 2744 897 2809 ὑποτίθεται
912 2744 1029 2830 adraim
1051 2765 1147 2827 quam
1161 2743 1196 2807 in
1210 2742 1331 2808 scholio

160 2873 220 2916 suo
242 2873 272 2935 p.
287 2850 362 2937 367,
377 2851 419 2915 13
438 2851 577 2915 servavit
596 2848 839 2916 Choerobosous
853 2848 924 2938 (ubi
938 2850 973 2913 in
985 2850 1079 2914 initio
1094 2854 1242 2934 corrupte
1255 2850 1333 2935 legi-

160 2961 216 3022 tur
231 2967 421 3043 σημειοῦται
437 2958 454 3024 ὁ
470 2962 580 3043 στίχος
595 2953 691 3034 οὗτος
705 2957 787 3023 falso
801 2958 886 3022 inter
899 2979 933 3022 se
943 2957 1124 3022 commixtis
1135 2957 1272 3022 duorum
1281 2978 1332 3020 ex-

161 3067 346 3148 cerptorum
360 3065 479 3129 verbis:
500 3075 690 3150 σημειοῦται
704 3065 763 3129 τὸν
780 3068 893 3150 στίχον
910 3074 1030 3130 τοῦτον
1041 3061 1098 3151 (sc.
1108 3059 1331 3150 Ἀρίσταρχος)

162 3167 898 3258 ολάθετεῖταιὸστίχοςοῦτος).Νοολοιηοποςο
907 3171 1019 3236 dubito
1028 3170 1332 3236 affirmarehocloco

163 3277 262 3363 paulo
282 3279 442 3363 audacius,
461 3301 558 3363 quam
575 3279 708 3364 solebat,
722 3299 969 3365 progressurum
982 3278 1082 3344 fuisse
1099 3277 1333 3363 Aristarchum,

162 3383 250 3450 hunc
264 3408 391 3450 versum
407 3386 432 3452 si
444 3386 626 3471 delevisset3
640 3408 715 3450 nam
730 3385 786 3469 qui
797 3385 963 3469 sequentia
972 3385 1061 3450 salva
1070 3407 1139 3450 esse
1150 3385 1254 3450 voluit
1267 3383 1333 3473 (ne-

163 3513 227 3576 que
241 3491 415 3576 quidquam
430 3493 583 3558 contrarii
597 3493 692 3557 nobis
703 3492 858 3557 traditum
869 3490 943 3578 est),
953 3493 982 3556 ei
991 3492 1044 3556 hic
1053 3514 1164 3557 versus
1175 3493 1332 3577 imprimis

161 3598 338 3664 servandus
362 3603 440 3686 erat,
462 3623 526 3684 quo
545 3599 602 3664 illa
620 3599 744 3684 reliqua
762 3599 995 3664 inducerentur.
1040 3598 1154 3683 Itaque
1172 3598 1255 3662 nihil
1272 3598 1334 3664 hoc

161 3705 236 3770 loco
263 3703 442 3771 Aristonici
469 3728 538 3771 esse
566 3707 724 3772 contendo
751 3707 815 3771 nisi
842 3706 1029 3771 memoriam
1053 3705 1138 3790 signi
1161 3703 1334 3791 cuiusdam,

162 3812 252 3897 quod
283 3813 323 3878 ad
354 3812 439 3878 huno
466 3835 594 3878 versum
621 3813 684 3878 fuit
711 3815 904 3898 appositum.
957 3810 1039 3877 Cum
1066 3815 1174 3876 autem
1201 3815 1333 3894 excepto

161 3920 227 3984 hoc
244 3941 308 3984 uno
327 3920 483 3985 vocabulo
498 3932 634 4006 σημεῖον
653 3921 760 3984 omnia
774 3919 838 3984 alia
850 3919 1028 3984 Aristonici
1042 3917 1205 4001 deperdita
1219 3921 1334 4004 essent,

160 4026 234 4092 fuit¹
246 4027 311 4114 qui,
329 4030 366 4091 ut
387 4028 515 4113 signum
535 4027 718 4113 explicaret,
736 4027 849 4113 ignota
866 4025 993 4090 ratione
1006 4023 1189 4090 Aristarchi
1205 4024 1334 4090 adderet

160 4155 244 4219 eam,
266 4155 347 4218 quae
370 4135 399 4198 ei
421 4135 559 4199 maxime
582 4135 714 4219 propria
736 4130 941 4220 videbaturl).
961 4171 1003 4178 —
1022 4130 1076 4197 Ad
1092 4154 1120 4196 v.
1143 4133 1207 4197 720
1226 4132 1334 4216 diplen

255 4294 280 4362 1)
300 4291 400 4348 Confer
414 4291 489 4347 enim
502 4292 564 4347 loco
578 4291 671 4361 priore
687 4292 753 4362 ἔργα
767 4293 842 4363 βοῶν
856 4287 1035 4360 ἀπόλοιτο,
1054 4307 1109 4361 quo
1128 4290 1205 4344 facto
1224 4291 1334 4360 oporte-

160 4384 251 4438 batns
269 4380 409 4452 πηδάλιον
428 4398 513 4450 quam
532 4380 637 4452 optime
657 4387 837 4436 conservare?

256 4474 282 4542 2)
301 4470 343 4525 De
365 4469 490 4526 versibus
511 4476 665 4542 cri-cca,
683 4469 821 4542 imprimis
840 4469 875 4524 de
893 4485 975 4524 versu
994 4474 1056 4543 649,
1076 4467 1178 4540 confer,
1197 4483 1270 4537 quae
1289 4483 1335 4522 ex-
