<?xml version="1.0" encoding="UTF-8"?>
<!DOCTYPE html PUBLIC "-//W3C//DTD XHTML 1.0 Transitional//EN"
    "http://www.w3.org/TR/xhtml1/DTD/xhtml1-transitional.dtd">
<html xmlns="http://www.w3.org/1999/xhtml" xml:lang="en" lang="en">
 <head>
  <title>
</title>
<meta http-equiv="Content-Type" content="text/html;charset=utf-8" />
  <meta name='ocr-system' content='tesseract 3.04.00' />
  <meta name='ocr-capabilities' content='ocr_page ocr_carea ocr_par ocr_line ocrx_word'/>
</head>
<body>
  <div class='ocr_page' id='page_1' title='image "./studiahesiodeas00dimigoog_0059.png"; bbox 0 0 2970 4980; ppageno 0'>
   <div class='ocr_carea' id='block_1_1' title="bbox 220 328 1069 401">
    <p class='ocr_par' dir='ltr' id='par_1_1' title="bbox 220 328 1069 401">
     <span class='ocr_line' id='line_1_1' title="bbox 220 328 1069 401; baseline -0.004 -15"><span class='ocrx_word' id='word_1_1' title='bbox 220 332 263 396; x_wconf 88' lang='lat'><strong>48</strong></span> <span class='ocrx_word' id='word_1_2' title='bbox 541 331 582 385; x_wconf 90' lang='lat' dir='ltr'><strong>De</strong></span> <span class='ocrx_word' id='word_1_3' title='bbox 601 329 777 401; x_wconf 85' lang='lat' dir='ltr'><strong>Moschopuli</strong></span> <span class='ocrx_word' id='word_1_4' title='bbox 795 328 965 385; x_wconf 82' lang='lat' dir='ltr'><strong>scholiorum</strong></span> <span class='ocrx_word' id='word_1_5' title='bbox 982 328 1069 383; x_wconf 79' lang='lat' dir='ltr'><strong>fonte.</strong></span> 
     </span>
    </p>
   </div>
   <div class='ocr_carea' id='block_1_2' title="bbox 219 490 1397 794">
    <p class='ocr_par' dir='ltr' id='par_1_2' title="bbox 219 490 1397 794">
     <span class='ocr_line' id='line_1_2' title="bbox 219 490 1395 580; baseline -0.004 -19"><span class='ocrx_word' id='word_1_6' title='bbox 219 518 336 580; x_wconf 87' lang='grc' dir='ltr'><em>μενον,</em></span> <span class='ocrx_word' id='word_1_7' title='bbox 369 496 424 560; x_wconf 79' lang='grc' dir='ltr'><strong>διὰ</strong></span> <span class='ocrx_word' id='word_1_8' title='bbox 456 493 558 560; x_wconf 86' lang='grc' dir='ltr'><em>ταῦτά</em></span> <span class='ocrx_word' id='word_1_9' title='bbox 591 510 695 578; x_wconf 77' lang='grc' dir='ltr'><em>φησιν</em></span> <span class='ocrx_word' id='word_1_10' title='bbox 727 493 744 559; x_wconf 87' lang='grc' dir='ltr'>ὁ</span> <span class='ocrx_word' id='word_1_11' title='bbox 773 493 872 570; x_wconf 79' lang='grc' dir='ltr'><em>αὐτὸς</em></span> <span class='ocrx_word' id='word_1_12' title='bbox 901 493 1058 576; x_wconf 76' lang='grc' dir='ltr'><em>Πλάτων,</em></span> <span class='ocrx_word' id='word_1_13' title='bbox 1091 491 1155 557; x_wconf 82' lang='grc' dir='ltr'><strong>ἀπὸ</strong></span> <span class='ocrx_word' id='word_1_14' title='bbox 1186 500 1245 557; x_wconf 85' lang='grc' dir='ltr'><strong>τοῦ</strong></span> <span class='ocrx_word' id='word_1_15' title='bbox 1275 490 1395 578; x_wconf 75' lang='grc' dir='ltr'><em>ἐσρεῖν,</em></span> 
     </span>
     <span class='ocr_line' id='line_1_3' title="bbox 219 597 1394 689; baseline -0.005 -21"><span class='ocrx_word' id='word_1_16' title='bbox 219 605 338 689; x_wconf 57' lang='lat' dir='ltr'><strong>reuoca</strong></span> <span class='ocrx_word' id='word_1_17' title='bbox 360 605 397 668; x_wconf 89' lang='grc' dir='ltr'><strong>τό</strong></span> <span class='ocrx_word' id='word_1_18' title='bbox 421 625 458 685; x_wconf 75' lang='grc' dir='ltr'><strong>με</strong></span> <span class='ocrx_word' id='word_1_19' title='bbox 481 603 623 666; x_wconf 81' lang='grc' dir='ltr'><em>παλαιὸν</em></span> <span class='ocrx_word' id='word_1_20' title='bbox 648 600 802 666; x_wconf 79' lang='grc' dir='ltr'><em>ἐκαλεῖτο.</em></span> <span class='ocrx_word' id='word_1_21' title='bbox 843 609 888 688; x_wconf 74' lang='grc' dir='ltr'><strong>τῷ</strong></span> <span class='ocrx_word' id='word_1_22' title='bbox 911 600 974 686; x_wconf 72' lang='grc' dir='ltr'><strong>γὰρ</strong></span> <span class='ocrx_word' id='word_1_23' title='bbox 997 602 1042 665; x_wconf 73' lang='grc' dir='ltr'><strong>οὗ</strong></span> <span class='ocrx_word' id='word_1_24' title='bbox 1064 597 1138 664; x_wconf 81' lang='grc' dir='ltr'><em>ἀντὶ</em></span> <span class='ocrx_word' id='word_1_25' title='bbox 1161 609 1221 664; x_wconf 88' lang='grc' dir='ltr'><strong>τοῦ</strong></span> <span class='ocrx_word' id='word_1_26' title='bbox 1244 601 1272 662; x_wconf 75' lang='grc' dir='ltr'><strong><em>ὦ</em></strong></span> <span class='ocrx_word' id='word_1_27' title='bbox 1295 597 1394 684; x_wconf 64' lang='lat' dir='ltr'><strong>spoct-</strong></span> 
     </span>
     <span class='ocr_line' id='line_1_4' title="bbox 219 704 1397 794; baseline -0.003 -20"><span class='ocrx_word' id='word_1_28' title='bbox 219 715 320 793; x_wconf 77' lang='grc' dir='ltr'><em>μεθα·</em></span> <span class='ocrx_word' id='word_1_29' title='bbox 344 718 409 774; x_wconf 87' lang='grc' dir='ltr'><strong>νῦν</strong></span> <span class='ocrx_word' id='word_1_30' title='bbox 433 704 470 772; x_wconf 76' lang='grc' dir='ltr'><strong>δὲ</strong></span> <span class='ocrx_word' id='word_1_31' title='bbox 493 709 575 794; x_wconf 78' lang='grc' dir='ltr'><em>ἔρως</em></span> <span class='ocrx_word' id='word_1_32' title='bbox 593 705 746 790; x_wconf 81' lang='grc' dir='ltr'><em>κέκληται</em></span> <span class='ocrx_word' id='word_1_33' title='bbox 765 708 821 771; x_wconf 76' lang='grc' dir='ltr'><strong>διὰ</strong></span> <span class='ocrx_word' id='word_1_34' title='bbox 839 707 900 789; x_wconf 79' lang='grc' dir='ltr'><strong>τὴν</strong></span> <span class='ocrx_word' id='word_1_35' title='bbox 918 715 978 771; x_wconf 83' lang='grc' dir='ltr'><strong>τοῦ</strong></span> <span class='ocrx_word' id='word_1_36' title='bbox 997 710 1024 771; x_wconf 75' lang='grc' dir='ltr'><strong><em>ὦ</em></strong></span> <span class='ocrx_word' id='word_1_37' title='bbox 1043 704 1116 771; x_wconf 82' lang='grc' dir='ltr'><em>ἀντὶ</em></span> <span class='ocrx_word' id='word_1_38' title='bbox 1136 715 1197 771; x_wconf 88' lang='grc' dir='ltr'><strong>τοῦ</strong></span> <span class='ocrx_word' id='word_1_39' title='bbox 1215 708 1259 771; x_wconf 72' lang='grc' dir='ltr'><strong>ου</strong></span> <span class='ocrx_word' id='word_1_40' title='bbox 1281 710 1397 790; x_wconf 80' lang='grc' dir='ltr'><em>μεταλ-</em></span> 
     </span>
    </p>
   </div>
   <div class='ocr_carea' id='block_1_3' title="bbox 131 811 1479 4529">
    <p class='ocr_par' dir='ltr' id='par_1_3' title="bbox 219 811 1397 1946">
     <span class='ocr_line' id='line_1_5' title="bbox 222 811 1397 900; baseline -0.003 -20"><span class='ocrx_word' id='word_1_41' title='bbox 222 817 335 899; x_wconf 81' lang='grc' dir='ltr'><em>λαγήν.</em></span> <span class='ocrx_word' id='word_1_42' title='bbox 382 813 485 890; x_wconf 82' lang='lat' dir='ltr'><strong>Quam</strong></span> <span class='ocrx_word' id='word_1_43' title='bbox 516 813 829 900; x_wconf 88' lang='lat' dir='ltr'><strong>interpretationem,</strong></span> <span class='ocrx_word' id='word_1_44' title='bbox 865 813 956 878; x_wconf 88' lang='lat' dir='ltr'><strong>cuius</strong></span> <span class='ocrx_word' id='word_1_45' title='bbox 988 835 1028 877; x_wconf 90' lang='lat' dir='ltr'><strong>ne</strong></span> <span class='ocrx_word' id='word_1_46' title='bbox 1062 813 1235 899; x_wconf 89' lang='lat' dir='ltr'><strong>vestigium</strong></span> <span class='ocrx_word' id='word_1_47' title='bbox 1267 811 1397 896; x_wconf 88' lang='lat' dir='ltr'><strong>quidem</strong></span> 
     </span>
     <span class='ocr_line' id='line_1_6' title="bbox 220 918 1396 1006; baseline -0.001 -21"><span class='ocrx_word' id='word_1_48' title='bbox 220 924 367 1005; x_wconf 78' lang='lat' dir='ltr'><strong>superest</strong></span> <span class='ocrx_word' id='word_1_49' title='bbox 390 921 425 986; x_wconf 92' lang='lat' dir='ltr'><strong>in</strong></span> <span class='ocrx_word' id='word_1_50' title='bbox 447 921 584 1006; x_wconf 88' lang='lat' dir='ltr'><strong>nostris,</strong></span> <span class='ocrx_word' id='word_1_51' title='bbox 611 924 715 985; x_wconf 91' lang='lat' dir='ltr'><strong>totam</strong></span> <span class='ocrx_word' id='word_1_52' title='bbox 737 942 754 984; x_wconf 94' lang='lat' dir='ltr'><strong>e</strong></span> <span class='ocrx_word' id='word_1_53' title='bbox 778 920 891 985; x_wconf 92' lang='lat' dir='ltr'><strong>Proolo</strong></span> <span class='ocrx_word' id='word_1_54' title='bbox 915 919 1049 984; x_wconf 89' lang='lat' dir='ltr'><strong>fluxisse</strong></span> <span class='ocrx_word' id='word_1_55' title='bbox 1072 923 1104 984; x_wconf 99' lang='lat' dir='ltr'><strong>et</strong></span> <span class='ocrx_word' id='word_1_56' title='bbox 1127 920 1288 984; x_wconf 89' lang='lat' dir='ltr'><strong>neminem</strong></span> <span class='ocrx_word' id='word_1_57' title='bbox 1310 918 1396 1004; x_wconf 79' lang='lat' dir='ltr'><strong>fugit</strong></span> 
     </span>
     <span class='ocr_line' id='line_1_7' title="bbox 220 1023 1395 1113; baseline -0.002 -22"><span class='ocrx_word' id='word_1_58' title='bbox 220 1031 253 1091; x_wconf 86' lang='lat' dir='ltr'><strong>et</strong></span> <span class='ocrx_word' id='word_1_59' title='bbox 276 1027 315 1092; x_wconf 93' lang='lat' dir='ltr'><strong>fit</strong></span> <span class='ocrx_word' id='word_1_60' title='bbox 337 1048 389 1091; x_wconf 90' lang='lat' dir='ltr'><strong>res</strong></span> <span class='ocrx_word' id='word_1_61' title='bbox 411 1027 583 1093; x_wconf 86' lang='lat' dir='ltr'><strong>manifesta</strong></span> <span class='ocrx_word' id='word_1_62' title='bbox 605 1031 791 1111; x_wconf 87' lang='lat' dir='ltr'><strong>comparato</strong></span> <span class='ocrx_word' id='word_1_63' title='bbox 814 1026 1044 1112; x_wconf 83' lang='lat' dir='ltr'><strong>Etymologioo</strong></span> <span class='ocrx_word' id='word_1_64' title='bbox 1067 1025 1186 1112; x_wconf 87' lang='lat' dir='ltr'><strong>Magno</strong></span> <span class='ocrx_word' id='word_1_65' title='bbox 1208 1023 1251 1113; x_wconf 89' lang='lat' dir='ltr'><strong>(p.</strong></span> <span class='ocrx_word' id='word_1_66' title='bbox 1271 1024 1346 1111; x_wconf 82' lang='lat'><strong>458,</strong></span> <span class='ocrx_word' id='word_1_67' title='bbox 1362 1025 1395 1110; x_wconf 79' lang='lat'><strong>85</strong></span> 
     </span>
     <span class='ocr_line' id='line_1_8' title="bbox 220 1130 1396 1222; baseline -0.003 -23"><span class='ocrx_word' id='word_1_68' title='bbox 220 1135 259 1200; x_wconf 87' lang='lat' dir='ltr'><strong>ef.</strong></span> <span class='ocrx_word' id='word_1_69' title='bbox 281 1131 378 1222; x_wconf 84' lang='lat' dir='ltr'><strong>not),</strong></span> <span class='ocrx_word' id='word_1_70' title='bbox 405 1135 495 1199; x_wconf 89' lang='lat' dir='ltr'><strong>cuius</strong></span> <span class='ocrx_word' id='word_1_71' title='bbox 522 1134 558 1199; x_wconf 90' lang='lat' dir='ltr'><strong>in</strong></span> <span class='ocrx_word' id='word_1_72' title='bbox 584 1134 669 1198; x_wconf 92' lang='lat' dir='ltr'><strong>libro</strong></span> <span class='ocrx_word' id='word_1_73' title='bbox 697 1132 859 1199; x_wconf 86' lang='lat' dir='ltr'><strong>Vossiano</strong></span> <span class='ocrx_word' id='word_1_74' title='bbox 886 1137 963 1218; x_wconf 87' lang='lat' dir='ltr'><strong>post</strong></span> <span class='ocrx_word' id='word_1_75' title='bbox 991 1132 1114 1197; x_wconf 91' lang='lat' dir='ltr'><strong>scholia</strong></span> <span class='ocrx_word' id='word_1_76' title='bbox 1141 1130 1313 1197; x_wconf 88' lang='lat' dir='ltr'><strong>Homerica</strong></span> <span class='ocrx_word' id='word_1_77' title='bbox 1342 1130 1396 1219; x_wconf 86' lang='lat' dir='ltr'><strong>(ad</strong></span> 
     </span>
     <span class='ocr_line' id='line_1_9' title="bbox 219 1239 1397 1328; baseline -0.002 -23"><span class='ocrx_word' id='word_1_78' title='bbox 219 1239 348 1328; x_wconf 81' lang='lat' dir='ltr'><strong>A174)</strong></span> <span class='ocrx_word' id='word_1_79' title='bbox 377 1240 527 1306; x_wconf 87' lang='lat' dir='ltr'><strong>adiuncta</strong></span> <span class='ocrx_word' id='word_1_80' title='bbox 555 1244 632 1306; x_wconf 89' lang='lat' dir='ltr'><strong>sunt</strong></span> <span class='ocrx_word' id='word_1_81' title='bbox 655 1241 825 1327; x_wconf 80' lang='lat' dir='ltr'><strong>quaedam,</strong></span> <span class='ocrx_word' id='word_1_82' title='bbox 853 1261 934 1325; x_wconf 87' lang='lat' dir='ltr'><strong>quae</strong></span> <span class='ocrx_word' id='word_1_83' title='bbox 965 1262 1038 1305; x_wconf 92' lang='lat' dir='ltr'><strong>cum</strong></span> <span class='ocrx_word' id='word_1_84' title='bbox 1064 1239 1278 1324; x_wconf 88' lang='lat' dir='ltr'><strong>Moschopulo</strong></span> <span class='ocrx_word' id='word_1_85' title='bbox 1307 1260 1397 1323; x_wconf 90' lang='lat' dir='ltr'><strong>pror·</strong></span> 
     </span>
     <span class='ocr_line' id='line_1_10' title="bbox 220 1343 1396 1434; baseline -0.003 -21"><span class='ocrx_word' id='word_1_86' title='bbox 220 1369 275 1413; x_wconf 91' lang='lat' dir='ltr'><strong>sus</strong></span> <span class='ocrx_word' id='word_1_87' title='bbox 308 1351 487 1434; x_wconf 88' lang='lat' dir='ltr'><strong>congruant</strong></span> <span class='ocrx_word' id='word_1_88' title='bbox 516 1348 696 1433; x_wconf 83' lang='lat' dir='ltr'><strong>quibusque</strong></span> <span class='ocrx_word' id='word_1_89' title='bbox 724 1351 756 1412; x_wconf 89' lang='lat' dir='ltr'><strong>et</strong></span> <span class='ocrx_word' id='word_1_90' title='bbox 782 1347 863 1431; x_wconf 91' lang='lat' dir='ltr'><strong>ipsis</strong></span> <span class='ocrx_word' id='word_1_91' title='bbox 892 1346 986 1412; x_wconf 87' lang='lat' dir='ltr'><strong>Plato</strong></span> <span class='ocrx_word' id='word_1_92' title='bbox 1014 1345 1164 1412; x_wconf 77' lang='lat' dir='ltr'><strong>laudetur</strong></span> <span class='ocrx_word' id='word_1_93' title='bbox 1192 1343 1244 1432; x_wconf 82' lang='lat' dir='ltr'><strong>(cf.</strong></span> <span class='ocrx_word' id='word_1_94' title='bbox 1274 1343 1396 1429; x_wconf 83' lang='lat' dir='ltr'><strong>Oratyl.</strong></span> 
     </span>
     <span class='ocr_line' id='line_1_11' title="bbox 219 1450 1397 1541; baseline -0.003 -22"><span class='ocrx_word' id='word_1_95' title='bbox 219 1478 249 1539; x_wconf 91' lang='lat' dir='ltr'><strong>p.</strong></span> <span class='ocrx_word' id='word_1_96' title='bbox 268 1454 368 1519; x_wconf 84' lang='grc' dir='ltr'>419Ε</span> <span class='ocrx_word' id='word_1_97' title='bbox 385 1452 456 1541; x_wconf 83' lang='lat' dir='ltr'><strong>sq).</strong></span> <span class='ocrx_word' id='word_1_98' title='bbox 497 1454 559 1519; x_wconf 89' lang='lat' dir='ltr'><strong>His</strong></span> <span class='ocrx_word' id='word_1_99' title='bbox 582 1453 756 1519; x_wconf 85' lang='lat' dir='ltr'><strong>intellectis</strong></span> <span class='ocrx_word' id='word_1_100' title='bbox 779 1453 860 1518; x_wconf 90' lang='lat' dir='ltr'><strong>illud</strong></span> <span class='ocrx_word' id='word_1_101' title='bbox 884 1453 981 1518; x_wconf 90' lang='lat' dir='ltr'><strong>simul</strong></span> <span class='ocrx_word' id='word_1_102' title='bbox 999 1453 1227 1538; x_wconf 78' lang='lat' dir='ltr'><strong>intelleximus,</strong></span> <span class='ocrx_word' id='word_1_103' title='bbox 1249 1450 1397 1517; x_wconf 89' lang='lat' dir='ltr'><strong>Moscho-</strong></span> 
     </span>
     <span class='ocr_line' id='line_1_12' title="bbox 219 1557 1397 1646; baseline -0.003 -21"><span class='ocrx_word' id='word_1_104' title='bbox 219 1561 332 1645; x_wconf 91' lang='lat' dir='ltr'><strong>pulum</strong></span> <span class='ocrx_word' id='word_1_105' title='bbox 363 1562 452 1627; x_wconf 85' lang='lat' dir='ltr'><strong>fonte</strong></span> <span class='ocrx_word' id='word_1_106' title='bbox 485 1582 543 1626; x_wconf 89' lang='lat' dir='ltr'><strong>suo</strong></span> <span class='ocrx_word' id='word_1_107' title='bbox 577 1561 825 1646; x_wconf 83' lang='lat' dir='ltr'><strong>diligentissime</strong></span> <span class='ocrx_word' id='word_1_108' title='bbox 856 1583 952 1626; x_wconf 92' lang='lat' dir='ltr'><strong>usum</strong></span> <span class='ocrx_word' id='word_1_109' title='bbox 984 1581 1063 1625; x_wconf 89' lang='lat' dir='ltr'><strong>esse.</strong></span> <span class='ocrx_word' id='word_1_110' title='bbox 1115 1558 1208 1635; x_wconf 82' lang='lat' dir='ltr'><strong>Quod</strong></span> <span class='ocrx_word' id='word_1_111' title='bbox 1239 1558 1291 1624; x_wconf 85' lang='lat' dir='ltr'><strong>vel</strong></span> <span class='ocrx_word' id='word_1_112' title='bbox 1322 1557 1397 1622; x_wconf 90' lang='lat' dir='ltr'><strong>inde</strong></span> 
     </span>
     <span class='ocr_line' id='line_1_13' title="bbox 219 1665 1397 1755; baseline -0.003 -22"><span class='ocrx_word' id='word_1_113' title='bbox 219 1669 387 1752; x_wconf 80' lang='lat' dir='ltr'><strong>probabile</strong></span> <span class='ocrx_word' id='word_1_114' title='bbox 415 1672 478 1755; x_wconf 90' lang='lat' dir='ltr'><strong>est,</strong></span> <span class='ocrx_word' id='word_1_115' title='bbox 506 1668 592 1752; x_wconf 90' lang='lat' dir='ltr'><strong>quod</strong></span> <span class='ocrx_word' id='word_1_116' title='bbox 617 1689 676 1752; x_wconf 93' lang='lat' dir='ltr'><strong>pro</strong></span> <span class='ocrx_word' id='word_1_117' title='bbox 700 1672 787 1732; x_wconf 86' lang='lat' dir='ltr'><strong>certo</strong></span> <span class='ocrx_word' id='word_1_118' title='bbox 812 1668 1041 1733; x_wconf 85' lang='lat' dir='ltr'><strong>affirmaverim</strong></span> <span class='ocrx_word' id='word_1_119' title='bbox 1062 1667 1147 1732; x_wconf 88' lang='lat' dir='ltr'><strong>nihil</strong></span> <span class='ocrx_word' id='word_1_120' title='bbox 1169 1688 1242 1731; x_wconf 91' lang='lat' dir='ltr'><strong>eum</strong></span> <span class='ocrx_word' id='word_1_121' title='bbox 1267 1665 1397 1730; x_wconf 87' lang='lat' dir='ltr'><strong>aliunde</strong></span> 
     </span>
     <span class='ocr_line' id='line_1_14' title="bbox 219 1772 1397 1860; baseline 0 -22"><span class='ocrx_word' id='word_1_122' title='bbox 219 1775 399 1840; x_wconf 86' lang='lat' dir='ltr'><strong>adscivisse.</strong></span> <span class='ocrx_word' id='word_1_123' title='bbox 445 1772 559 1858; x_wconf 89' lang='lat' dir='ltr'><strong>Neque</strong></span> <span class='ocrx_word' id='word_1_124' title='bbox 587 1774 673 1838; x_wconf 90' lang='lat' dir='ltr'><strong>enim</strong></span> <span class='ocrx_word' id='word_1_125' title='bbox 699 1778 749 1839; x_wconf 87' lang='lat' dir='ltr'><strong>est</strong></span> <span class='ocrx_word' id='word_1_126' title='bbox 777 1774 861 1858; x_wconf 92' lang='lat' dir='ltr'><strong>apud</strong></span> <span class='ocrx_word' id='word_1_127' title='bbox 889 1796 963 1839; x_wconf 91' lang='lat' dir='ltr'><strong>eum</strong></span> <span class='ocrx_word' id='word_1_128' title='bbox 989 1774 1094 1860; x_wconf 90' lang='lat' dir='ltr'><strong>locus,</strong></span> <span class='ocrx_word' id='word_1_129' title='bbox 1124 1774 1180 1858; x_wconf 93' lang='lat' dir='ltr'><strong>qui</strong></span> <span class='ocrx_word' id='word_1_130' title='bbox 1207 1773 1268 1838; x_wconf 90' lang='lat' dir='ltr'><strong>hac</strong></span> <span class='ocrx_word' id='word_1_131' title='bbox 1296 1773 1335 1838; x_wconf 91' lang='lat' dir='ltr'><strong>de</strong></span> <span class='ocrx_word' id='word_1_132' title='bbox 1361 1795 1397 1838; x_wconf 90' lang='lat' dir='ltr'><strong>re</strong></span> 
     </span>
     <span class='ocr_line' id='line_1_15' title="bbox 220 1881 613 1946; baseline 0.003 -1"><span class='ocrx_word' id='word_1_133' title='bbox 220 1881 456 1946; x_wconf 85' lang='lat' dir='ltr'><strong>dubitationem</strong></span> <span class='ocrx_word' id='word_1_134' title='bbox 478 1885 613 1946; x_wconf 89' lang='lat' dir='ltr'><strong>moveat.</strong></span> 
     </span>
    </p>

    <p class='ocr_par' dir='ltr' id='par_1_4' title="bbox 131 1985 1399 3868">
     <span class='ocr_line' id='line_1_16' title="bbox 309 1985 1398 2075; baseline -0.002 -23"><span class='ocrx_word' id='word_1_135' title='bbox 309 1985 372 2052; x_wconf 82' lang='lat' dir='ltr'><strong>Sed</strong></span> <span class='ocrx_word' id='word_1_136' title='bbox 402 1988 454 2053; x_wconf 82' lang='lat' dir='ltr'><strong>vel</strong></span> <span class='ocrx_word' id='word_1_137' title='bbox 481 1988 660 2052; x_wconf 77' lang='lat' dir='ltr'><strong>accuratius</strong></span> <span class='ocrx_word' id='word_1_138' title='bbox 692 1988 769 2053; x_wconf 90' lang='lat' dir='ltr'><strong>licet</strong></span> <span class='ocrx_word' id='word_1_139' title='bbox 800 1988 933 2072; x_wconf 87' lang='lat' dir='ltr'><strong>planum</strong></span> <span class='ocrx_word' id='word_1_140' title='bbox 965 1988 1082 2075; x_wconf 87' lang='lat' dir='ltr'><strong>facere,</strong></span> <span class='ocrx_word' id='word_1_141' title='bbox 1115 1989 1209 2072; x_wconf 87' lang='lat' dir='ltr'><strong>quale</strong></span> <span class='ocrx_word' id='word_1_142' title='bbox 1237 1987 1337 2053; x_wconf 88' lang='lat' dir='ltr'><strong>fuerit</strong></span> <span class='ocrx_word' id='word_1_143' title='bbox 1363 1986 1398 2052; x_wconf 92' lang='lat' dir='ltr'><strong>id</strong></span> 
     </span>
     <span class='ocr_line' id='line_1_17' title="bbox 221 2093 1397 2181; baseline 0.001 -23"><span class='ocrx_word' id='word_1_144' title='bbox 221 2095 383 2178; x_wconf 86' lang='lat' dir='ltr'><strong>exemplar</strong></span> <span class='ocrx_word' id='word_1_145' title='bbox 410 2094 620 2181; x_wconf 86' lang='lat' dir='ltr'><strong>scholiorum,</strong></span> <span class='ocrx_word' id='word_1_146' title='bbox 648 2117 712 2179; x_wconf 90' lang='lat' dir='ltr'><strong>quo</strong></span> <span class='ocrx_word' id='word_1_147' title='bbox 740 2117 818 2159; x_wconf 90' lang='lat' dir='ltr'><strong>usus</strong></span> <span class='ocrx_word' id='word_1_148' title='bbox 848 2096 891 2160; x_wconf 90' lang='lat' dir='ltr'><strong>sit</strong></span> <span class='ocrx_word' id='word_1_149' title='bbox 920 2095 1160 2179; x_wconf 89' lang='lat' dir='ltr'><strong>Moschopulus.</strong></span> <span class='ocrx_word' id='word_1_150' title='bbox 1205 2093 1258 2159; x_wconf 84' lang='lat' dir='ltr'><strong>Ad</strong></span> <span class='ocrx_word' id='word_1_151' title='bbox 1281 2117 1309 2160; x_wconf 84' lang='lat' dir='ltr'><strong>v.</strong></span> <span class='ocrx_word' id='word_1_152' title='bbox 1331 2093 1397 2159; x_wconf 80' lang='lat'><strong>695</strong></span> 
     </span>
     <span class='ocr_line' id='line_1_18' title="bbox 220 2201 1397 2267; baseline -0.001 0"><span class='ocrx_word' id='word_1_153' title='bbox 220 2202 359 2267; x_wconf 83' lang='lat' dir='ltr'><strong>vidimus</strong></span> <span class='ocrx_word' id='word_1_154' title='bbox 392 2223 464 2267; x_wconf 89' lang='lat' dir='ltr'><strong>eum</strong></span> <span class='ocrx_word' id='word_1_155' title='bbox 497 2202 536 2266; x_wconf 89' lang='lat' dir='ltr'><strong>ad</strong></span> <span class='ocrx_word' id='word_1_156' title='bbox 567 2203 702 2267; x_wconf 85' lang='lat' dir='ltr'><strong>verbum</strong></span> <span class='ocrx_word' id='word_1_157' title='bbox 729 2201 934 2267; x_wconf 86' lang='lat' dir='ltr'><strong>Proclianum</strong></span> <span class='ocrx_word' id='word_1_158' title='bbox 962 2202 1119 2267; x_wconf 90' lang='lat' dir='ltr'><strong>scholium</strong></span> <span class='ocrx_word' id='word_1_159' title='bbox 1147 2202 1397 2266; x_wconf 87' lang='lat' dir='ltr'><strong>exscribentem:</strong></span> 
     </span>
     <span class='ocr_line' id='line_1_19' title="bbox 220 2306 1398 2397; baseline 0 -25"><span class='ocrx_word' id='word_1_160' title='bbox 220 2309 256 2372; x_wconf 93' lang='lat' dir='ltr'><strong>in</strong></span> <span class='ocrx_word' id='word_1_161' title='bbox 277 2309 382 2373; x_wconf 89' lang='lat' dir='ltr'><strong>medio</strong></span> <span class='ocrx_word' id='word_1_162' title='bbox 407 2309 516 2373; x_wconf 90' lang='lat' dir='ltr'><strong>subito</strong></span> <span class='ocrx_word' id='word_1_163' title='bbox 539 2308 675 2391; x_wconf 88' lang='lat' dir='ltr'><strong>destitit,</strong></span> <span class='ocrx_word' id='word_1_164' title='bbox 697 2309 788 2373; x_wconf 87' lang='lat' dir='ltr'><strong>nulla</strong></span> <span class='ocrx_word' id='word_1_165' title='bbox 811 2309 926 2373; x_wconf 89' lang='lat' dir='ltr'><strong>idonea</strong></span> <span class='ocrx_word' id='word_1_166' title='bbox 948 2331 1053 2397; x_wconf 86' lang='lat' dir='ltr'><strong>causa,</strong></span> <span class='ocrx_word' id='word_1_167' title='bbox 1076 2312 1113 2373; x_wconf 94' lang='lat' dir='ltr'><strong>ut</strong></span> <span class='ocrx_word' id='word_1_168' title='bbox 1133 2307 1269 2373; x_wconf 84' lang='lat' dir='ltr'><strong>videtur.</strong></span> <span class='ocrx_word' id='word_1_169' title='bbox 1306 2306 1398 2372; x_wconf 89' lang='lat' dir='ltr'><strong>Idem</strong></span> 
     </span>
     <span class='ocr_line' id='line_1_20' title="bbox 220 2413 1399 2503; baseline 0.001 -24"><span class='ocrx_word' id='word_1_170' title='bbox 220 2416 261 2479; x_wconf 91' lang='lat' dir='ltr'><strong>ad</strong></span> <span class='ocrx_word' id='word_1_171' title='bbox 292 2438 320 2480; x_wconf 88' lang='lat' dir='ltr'><strong>v.</strong></span> <span class='ocrx_word' id='word_1_172' title='bbox 351 2415 414 2479; x_wconf 80' lang='lat'><strong>705</strong></span> <span class='ocrx_word' id='word_1_173' title='bbox 444 2413 487 2503; x_wconf 85' lang='lat' dir='ltr'><strong>(p.</strong></span> <span class='ocrx_word' id='word_1_174' title='bbox 517 2413 595 2502; x_wconf 77' lang='lat'>382)</span> <span class='ocrx_word' id='word_1_175' title='bbox 630 2437 702 2480; x_wconf 93' lang='lat' dir='ltr'><strong>cum</strong></span> <span class='ocrx_word' id='word_1_176' title='bbox 734 2416 904 2500; x_wconf 89' lang='lat' dir='ltr'><strong>coepisset:</strong></span> <span class='ocrx_word' id='word_1_177' title='bbox 941 2419 1118 2502; x_wconf 78' lang='grc' dir='ltr'><em>προοίμιον</em></span> <span class='ocrx_word' id='word_1_178' title='bbox 1149 2424 1248 2480; x_wconf 89' lang='grc' dir='ltr'><em>τοῦτο</em></span> <span class='ocrx_word' id='word_1_179' title='bbox 1281 2417 1399 2499; x_wconf 71' lang='grc' dir='ltr'><em>τίθησι</em></span> 
     </span>
     <span class='ocr_line' id='line_1_21' title="bbox 220 2521 1398 2609; baseline -0.002 -21"><span class='ocrx_word' id='word_1_180' title='bbox 220 2524 300 2607; x_wconf 82' lang='grc' dir='ltr'><em>μετὰ</em></span> <span class='ocrx_word' id='word_1_181' title='bbox 323 2526 401 2600; x_wconf 83' lang='grc' dir='ltr'><em>τοὺς</em></span> <span class='ocrx_word' id='word_1_182' title='bbox 423 2521 497 2607; x_wconf 80' lang='grc' dir='ltr'><em>περὶ</em></span> <span class='ocrx_word' id='word_1_183' title='bbox 521 2524 628 2607; x_wconf 76' lang='grc' dir='ltr'><em>γάμου</em></span> <span class='ocrx_word' id='word_1_184' title='bbox 652 2526 773 2606; x_wconf 75' lang='grc' dir='ltr'><em>λόγους</em></span> <span class='ocrx_word' id='word_1_185' title='bbox 796 2535 864 2589; x_wconf 82' lang='grc' dir='ltr'><strong>τῶν</strong></span> <span class='ocrx_word' id='word_1_186' title='bbox 887 2521 1130 2609; x_wconf 70' lang='grc' dir='ltr'><em>ῥηθησομένων</em></span> <span class='ocrx_word' id='word_1_187' title='bbox 1150 2522 1398 2606; x_wconf 77' lang='grc' dir='ltr'><em>παιδευμάτων,</em></span> 
     </span>
     <span class='ocr_line' id='line_1_22' title="bbox 131 2628 1398 2717; baseline -0.001 -22"><span class='ocrx_word' id='word_1_188' title='bbox 131 2671 134 2675; x_wconf 89' lang='lat'><strong>·</strong></span> <span class='ocrx_word' id='word_1_189' title='bbox 222 2629 324 2708; x_wconf 81' lang='grc' dir='ltr'><em>ἀξιῶν</em></span> <span class='ocrx_word' id='word_1_190' title='bbox 351 2631 415 2714; x_wconf 82' lang='grc' dir='ltr'><strong>πρὸ</strong></span> <span class='ocrx_word' id='word_1_191' title='bbox 442 2630 578 2695; x_wconf 79' lang='grc' dir='ltr'><em>πάντων</em></span> <span class='ocrx_word' id='word_1_192' title='bbox 606 2631 823 2715; x_wconf 81' lang='grc' dir='ltr'><em>στοχάζεσθαι</em></span> <span class='ocrx_word' id='word_1_193' title='bbox 851 2639 911 2695; x_wconf 86' lang='grc' dir='ltr'><strong>τοῦ</strong></span> <span class='ocrx_word' id='word_1_194' title='bbox 935 2628 1175 2717; x_wconf 81' lang='grc' dir='ltr'><em>κεχαρισμένου</em></span> <span class='ocrx_word' id='word_1_195' title='bbox 1197 2641 1268 2707; x_wconf 77' lang='grc' dir='ltr'><em>τοῖς</em></span> <span class='ocrx_word' id='word_1_196' title='bbox 1291 2635 1398 2713; x_wconf 76' lang='grc' dir='ltr'><em>θεοῖς,</em></span> 
     </span>
     <span class='ocr_line' id='line_1_23' title="bbox 221 2733 1399 2824; baseline -0.001 -23"><span class='ocrx_word' id='word_1_197' title='bbox 221 2737 392 2821; x_wconf 84' lang='lat' dir='ltr'><strong>exscripsit</strong></span> <span class='ocrx_word' id='word_1_198' title='bbox 414 2736 545 2801; x_wconf 88' lang='lat' dir='ltr'><strong>initium</strong></span> <span class='ocrx_word' id='word_1_199' title='bbox 568 2736 728 2801; x_wconf 88' lang='lat' dir='ltr'><strong>Procliani</strong></span> <span class='ocrx_word' id='word_1_200' title='bbox 751 2735 866 2801; x_wconf 91' lang='lat' dir='ltr'><strong>scholii</strong></span> <span class='ocrx_word' id='word_1_201' title='bbox 891 2734 934 2823; x_wconf 91' lang='lat' dir='ltr'><strong>(p.</strong></span> <span class='ocrx_word' id='word_1_202' title='bbox 954 2733 1048 2824; x_wconf 81' lang='lat'>381):</span> <span class='ocrx_word' id='word_1_203' title='bbox 1076 2737 1200 2821; x_wconf 86' lang='lat' dir='ltr'><strong>reliqua</strong></span> <span class='ocrx_word' id='word_1_204' title='bbox 1227 2736 1399 2820; x_wconf 88' lang='lat' dir='ltr'><strong>praeteriit</strong></span> 
     </span>
     <span class='ocr_line' id='line_1_24' title="bbox 222 2842 1399 2930; baseline -0.001 -22"><span class='ocrx_word' id='word_1_205' title='bbox 222 2844 420 2930; x_wconf 89' lang='lat' dir='ltr'><strong>addiditque,</strong></span> <span class='ocrx_word' id='word_1_206' title='bbox 449 2866 530 2927; x_wconf 90' lang='lat' dir='ltr'><strong>quae</strong></span> <span class='ocrx_word' id='word_1_207' title='bbox 558 2843 627 2908; x_wconf 90' lang='lat' dir='ltr'><strong>sine</strong></span> <span class='ocrx_word' id='word_1_208' title='bbox 655 2843 753 2908; x_wconf 92' lang='lat' dir='ltr'><strong>dubio</strong></span> <span class='ocrx_word' id='word_1_209' title='bbox 782 2865 820 2907; x_wconf 91' lang='lat' dir='ltr'><strong>ex</strong></span> <span class='ocrx_word' id='word_1_210' title='bbox 848 2843 959 2908; x_wconf 91' lang='lat' dir='ltr'><strong>eodem</strong></span> <span class='ocrx_word' id='word_1_211' title='bbox 987 2843 1076 2908; x_wconf 85' lang='lat' dir='ltr'><strong>fonte</strong></span> <span class='ocrx_word' id='word_1_212' title='bbox 1105 2842 1282 2929; x_wconf 89' lang='lat' dir='ltr'><strong>fluxerunt,</strong></span> <span class='ocrx_word' id='word_1_213' title='bbox 1311 2863 1399 2907; x_wconf 87' lang='lat' dir='ltr'><strong>nunc</strong></span> 
     </span>
     <span class='ocr_line' id='line_1_25' title="bbox 220 2945 1399 3035; baseline -0.001 -20"><span class='ocrx_word' id='word_1_214' title='bbox 220 2955 329 3015; x_wconf 88' lang='lat' dir='ltr'><strong>tamen</strong></span> <span class='ocrx_word' id='word_1_215' title='bbox 345 2951 381 3014; x_wconf 95' lang='lat' dir='ltr'><strong>in</strong></span> <span class='ocrx_word' id='word_1_216' title='bbox 399 2949 530 3015; x_wconf 89' lang='lat' dir='ltr'><strong>scholiis</strong></span> <span class='ocrx_word' id='word_1_217' title='bbox 543 2961 609 3015; x_wconf 86' lang='lat' dir='ltr'><strong>non</strong></span> <span class='ocrx_word' id='word_1_218' title='bbox 622 2949 788 3035; x_wconf 90' lang='lat' dir='ltr'><strong>leguntur:</strong></span> <span class='ocrx_word' id='word_1_219' title='bbox 808 2955 916 3026; x_wconf 76' lang='grc' dir='ltr'><strong><em>καλῶς</em></strong></span> <span class='ocrx_word' id='word_1_220' title='bbox 930 2945 967 3014; x_wconf 74' lang='lat' dir='ltr'><strong>dt</strong></span> <span class='ocrx_word' id='word_1_221' title='bbox 983 2953 1038 3014; x_wconf 84' lang='grc' dir='ltr'><strong>ἔσο</strong></span> <span class='ocrx_word' id='word_1_222' title='bbox 1058 2950 1235 3034; x_wconf 77' lang='grc' dir='ltr'><em>φυλάττων</em></span> <span class='ocrx_word' id='word_1_223' title='bbox 1250 2948 1399 3031; x_wconf 78' lang='grc' dir='ltr'><em>ἐπιστρο-</em></span> 
     </span>
     <span class='ocr_line' id='line_1_26' title="bbox 221 3053 1397 3143; baseline -0.001 -21"><span class='ocrx_word' id='word_1_224' title='bbox 221 3059 291 3143; x_wconf 76' lang='grc' dir='ltr'><strong>φὴν</strong></span> <span class='ocrx_word' id='word_1_225' title='bbox 314 3069 381 3122; x_wconf 83' lang='grc' dir='ltr'><strong>τῶν</strong></span> <span class='ocrx_word' id='word_1_226' title='bbox 408 3064 500 3122; x_wconf 75' lang='grc' dir='ltr'><em>θεῶν</em></span> <span class='ocrx_word' id='word_1_227' title='bbox 522 3068 590 3122; x_wconf 81' lang='grc' dir='ltr'><strong>τῶν</strong></span> <span class='ocrx_word' id='word_1_228' title='bbox 613 3057 770 3141; x_wconf 83' lang='grc' dir='ltr'><em>μακάρων</em></span> <span class='ocrx_word' id='word_1_229' title='bbox 793 3053 866 3121; x_wconf 73' lang='grc' dir='ltr'><em>ἀντὶ</em></span> <span class='ocrx_word' id='word_1_230' title='bbox 895 3065 956 3121; x_wconf 85' lang='grc' dir='ltr'><strong>τοῦ</strong></span> <span class='ocrx_word' id='word_1_231' title='bbox 981 3054 1182 3140; x_wconf 78' lang='grc' dir='ltr'><em>ἐπιστρέφου</em></span> <span class='ocrx_word' id='word_1_232' title='bbox 1204 3067 1273 3121; x_wconf 82' lang='grc' dir='ltr'><strong>τῶν</strong></span> <span class='ocrx_word' id='word_1_233' title='bbox 1296 3062 1397 3121; x_wconf 76' lang='grc' dir='ltr'><em>θεων.</em></span> 
     </span>
     <span class='ocr_line' id='line_1_27' title="bbox 221 3162 1399 3250; baseline -0.003 -21"><span class='ocrx_word' id='word_1_234' title='bbox 221 3163 282 3229; x_wconf 89' lang='lat' dir='ltr'><strong>His</strong></span> <span class='ocrx_word' id='word_1_235' title='bbox 302 3168 334 3228; x_wconf 89' lang='lat' dir='ltr'><strong>et</strong></span> <span class='ocrx_word' id='word_1_236' title='bbox 354 3163 513 3228; x_wconf 90' lang='lat' dir='ltr'><strong>similibus</strong></span> <span class='ocrx_word' id='word_1_237' title='bbox 533 3163 679 3249; x_wconf 78' lang='lat' dir='ltr'><strong>cogimur</strong></span> <span class='ocrx_word' id='word_1_238' title='bbox 698 3163 869 3250; x_wconf 87' lang='lat' dir='ltr'><strong>affirmare,</strong></span> <span class='ocrx_word' id='word_1_239' title='bbox 891 3185 964 3227; x_wconf 88' lang='lat' dir='ltr'><strong>eum</strong></span> <span class='ocrx_word' id='word_1_240' title='bbox 982 3184 1048 3228; x_wconf 90' lang='lat' dir='ltr'><strong>non</strong></span> <span class='ocrx_word' id='word_1_241' title='bbox 1066 3162 1160 3247; x_wconf 89' lang='lat' dir='ltr'><strong>plura</strong></span> <span class='ocrx_word' id='word_1_242' title='bbox 1178 3162 1399 3249; x_wconf 83' lang='lat' dir='ltr'><strong>exscripsisse,</strong></span> 
     </span>
     <span class='ocr_line' id='line_1_28' title="bbox 221 3266 1398 3355; baseline -0.002 -20"><span class='ocrx_word' id='word_1_243' title='bbox 221 3274 392 3355; x_wconf 89' lang='lat' dir='ltr'><strong>propterea</strong></span> <span class='ocrx_word' id='word_1_244' title='bbox 421 3270 506 3353; x_wconf 89' lang='lat' dir='ltr'><strong>quod</strong></span> <span class='ocrx_word' id='word_1_245' title='bbox 529 3269 622 3355; x_wconf 87' lang='lat' dir='ltr'><strong>plura</strong></span> <span class='ocrx_word' id='word_1_246' title='bbox 644 3291 711 3334; x_wconf 91' lang='lat' dir='ltr'><strong>non</strong></span> <span class='ocrx_word' id='word_1_247' title='bbox 733 3269 865 3334; x_wconf 88' lang='lat' dir='ltr'><strong>invenit.</strong></span> <span class='ocrx_word' id='word_1_248' title='bbox 910 3266 1057 3355; x_wconf 85' lang='lat' dir='ltr'><strong>Accedit,</strong></span> <span class='ocrx_word' id='word_1_249' title='bbox 1086 3268 1171 3353; x_wconf 89' lang='lat' dir='ltr'><strong>quod</strong></span> <span class='ocrx_word' id='word_1_250' title='bbox 1194 3268 1235 3332; x_wconf 88' lang='lat' dir='ltr'><strong>ab</strong></span> <span class='ocrx_word' id='word_1_251' title='bbox 1259 3290 1297 3333; x_wconf 93' lang='lat' dir='ltr'><strong>eo</strong></span> <span class='ocrx_word' id='word_1_252' title='bbox 1320 3268 1398 3333; x_wconf 81' lang='lat' dir='ltr'><strong>Pro</strong></span> 
     </span>
     <span class='ocr_line' id='line_1_29' title="bbox 221 3375 1399 3463; baseline -0.001 -22"><span class='ocrx_word' id='word_1_253' title='bbox 221 3377 289 3442; x_wconf 91' lang='lat' dir='ltr'><strong>olus</strong></span> <span class='ocrx_word' id='word_1_254' title='bbox 318 3376 422 3442; x_wconf 89' lang='lat' dir='ltr'><strong>rarius</strong></span> <span class='ocrx_word' id='word_1_255' title='bbox 444 3377 644 3463; x_wconf 85' lang='lat' dir='ltr'><strong>nominatur,</strong></span> <span class='ocrx_word' id='word_1_256' title='bbox 672 3377 858 3461; x_wconf 88' lang='lat' dir='ltr'><strong>saepissime</strong></span> <span class='ocrx_word' id='word_1_257' title='bbox 881 3377 1000 3441; x_wconf 84' lang='lat' dir='ltr'><strong>veteris</strong></span> <span class='ocrx_word' id='word_1_258' title='bbox 1023 3375 1226 3463; x_wconf 88' lang='lat' dir='ltr'><strong>grammatici</strong></span> <span class='ocrx_word' id='word_1_259' title='bbox 1249 3375 1399 3440; x_wconf 88' lang='lat' dir='ltr'><strong>doctrina</strong></span> 
     </span>
     <span class='ocr_line' id='line_1_30' title="bbox 221 3482 1397 3569; baseline 0.001 -22"><span class='ocrx_word' id='word_1_260' title='bbox 221 3484 257 3547; x_wconf 90' lang='lat' dir='ltr'><strong>in</strong></span> <span class='ocrx_word' id='word_1_261' title='bbox 274 3505 369 3548; x_wconf 89' lang='lat' dir='ltr'><strong>usum</strong></span> <span class='ocrx_word' id='word_1_262' title='bbox 383 3486 529 3568; x_wconf 82' lang='lat' dir='ltr'><strong>vocatur3</strong></span> <span class='ocrx_word' id='word_1_263' title='bbox 548 3483 612 3547; x_wconf 88' lang='lat' dir='ltr'><strong>iam</strong></span> <span class='ocrx_word' id='word_1_264' title='bbox 629 3483 706 3547; x_wconf 90' lang='lat' dir='ltr'><strong>licet</strong></span> <span class='ocrx_word' id='word_1_265' title='bbox 725 3482 921 3568; x_wconf 90' lang='lat' dir='ltr'><strong>concludere,</strong></span> <span class='ocrx_word' id='word_1_266' title='bbox 939 3482 1007 3548; x_wconf 88' lang='lat' dir='ltr'><strong>eius</strong></span> <span class='ocrx_word' id='word_1_267' title='bbox 1022 3483 1217 3548; x_wconf 86' lang='lat' dir='ltr'><strong>scholiorum</strong></span> <span class='ocrx_word' id='word_1_268' title='bbox 1233 3484 1397 3569; x_wconf 88' lang='lat' dir='ltr'><strong>exemplar</strong></span> 
     </span>
     <span class='ocr_line' id='line_1_31' title="bbox 222 3588 1399 3675; baseline 0 -21"><span class='ocrx_word' id='word_1_269' title='bbox 222 3594 254 3654; x_wconf 91' lang='lat' dir='ltr'><strong>et</strong></span> <span class='ocrx_word' id='word_1_270' title='bbox 278 3613 297 3654; x_wconf 89' lang='lat' dir='ltr'><strong>a</strong></span> <span class='ocrx_word' id='word_1_271' title='bbox 319 3589 440 3654; x_wconf 89' lang='lat' dir='ltr'><strong>nostris</strong></span> <span class='ocrx_word' id='word_1_272' title='bbox 464 3593 497 3654; x_wconf 87' lang='lat' dir='ltr'><strong>et</strong></span> <span class='ocrx_word' id='word_1_273' title='bbox 519 3589 689 3653; x_wconf 81' lang='lat' dir='ltr'><strong>aTzetzae</strong></span> <span class='ocrx_word' id='word_1_274' title='bbox 712 3588 899 3653; x_wconf 86' lang='lat' dir='ltr'><strong>collectione</strong></span> <span class='ocrx_word' id='word_1_275' title='bbox 918 3589 1089 3653; x_wconf 88' lang='lat' dir='ltr'><strong>admodum</strong></span> <span class='ocrx_word' id='word_1_276' title='bbox 1106 3589 1268 3654; x_wconf 88' lang='lat' dir='ltr'><strong>diversum</strong></span> <span class='ocrx_word' id='word_1_277' title='bbox 1286 3589 1399 3675; x_wconf 86' lang='lat' dir='ltr'><strong>fuisse,</strong></span> 
     </span>
     <span class='ocr_line' id='line_1_32' title="bbox 222 3695 1397 3782; baseline 0.002 -22"><span class='ocrx_word' id='word_1_278' title='bbox 222 3697 259 3760; x_wconf 93' lang='lat' dir='ltr'><strong>in</strong></span> <span class='ocrx_word' id='word_1_279' title='bbox 280 3697 392 3761; x_wconf 89' lang='lat' dir='ltr'><strong>multis</strong></span> <span class='ocrx_word' id='word_1_280' title='bbox 417 3701 525 3762; x_wconf 89' lang='lat' dir='ltr'><strong>autem</strong></span> <span class='ocrx_word' id='word_1_281' title='bbox 548 3696 748 3760; x_wconf 87' lang='lat' dir='ltr'><strong>simillimum</strong></span> <span class='ocrx_word' id='word_1_282' title='bbox 771 3695 810 3782; x_wconf 91' lang='lat' dir='ltr'><strong>ei,</strong></span> <span class='ocrx_word' id='word_1_283' title='bbox 836 3719 899 3780; x_wconf 92' lang='lat' dir='ltr'><strong>quo</strong></span> <span class='ocrx_word' id='word_1_284' title='bbox 924 3700 1069 3762; x_wconf 90' lang='lat' dir='ltr'><strong>auctores</strong></span> <span class='ocrx_word' id='word_1_285' title='bbox 1092 3696 1397 3782; x_wconf 78' lang='lat' dir='ltr'><strong>Etymologicorum</strong></span> 
     </span>
     <span class='ocr_line' id='line_1_33' title="bbox 222 3803 382 3868; baseline 0.013 -2"><span class='ocrx_word' id='word_1_286' title='bbox 222 3803 274 3867; x_wconf 88' lang='lat' dir='ltr'><strong>usi</strong></span> <span class='ocrx_word' id='word_1_287' title='bbox 297 3807 382 3868; x_wconf 90' lang='lat' dir='ltr'><strong>sunt.</strong></span> 
     </span>
    </p>

    <p class='ocr_par' dir='ltr' id='par_1_5' title="bbox 221 3909 1479 4529">
     <span class='ocr_line' id='line_1_34' title="bbox 310 3909 1396 3994; baseline 0.002 -22"><span class='ocrx_word' id='word_1_288' title='bbox 310 3909 350 3973; x_wconf 90' lang='lat' dir='ltr'><strong>ln</strong></span> <span class='ocrx_word' id='word_1_289' title='bbox 382 3909 507 3974; x_wconf 90' lang='lat' dir='ltr'><strong>lexica</strong></span> <span class='ocrx_word' id='word_1_290' title='bbox 543 3910 676 3994; x_wconf 88' lang='lat' dir='ltr'><strong>antiqua</strong></span> <span class='ocrx_word' id='word_1_291' title='bbox 704 3932 785 3994; x_wconf 85' lang='lat' dir='ltr'><strong>quae</strong></span> <span class='ocrx_word' id='word_1_292' title='bbox 812 3933 852 3974; x_wconf 87' lang='lat' dir='ltr'><strong>ex</strong></span> <span class='ocrx_word' id='word_1_293' title='bbox 882 3909 1014 3975; x_wconf 89' lang='lat' dir='ltr'><strong>scholiis</strong></span> <span class='ocrx_word' id='word_1_294' title='bbox 1047 3909 1216 3975; x_wconf 90' lang='lat' dir='ltr'><strong>Hesiodeis</strong></span> <span class='ocrx_word' id='word_1_295' title='bbox 1248 3931 1396 3976; x_wconf 83' lang='lat' dir='ltr'><strong>manave·</strong></span> 
     </span>
     <span class='ocr_line' id='line_1_35' title="bbox 222 4014 1395 4102; baseline 0.002 -22"><span class='ocrx_word' id='word_1_296' title='bbox 222 4020 312 4102; x_wconf 89' lang='lat' dir='ltr'><strong>runt,</strong></span> <span class='ocrx_word' id='word_1_297' title='bbox 340 4038 377 4080; x_wconf 86' lang='lat' dir='ltr'><strong>ea</strong></span> <span class='ocrx_word' id='word_1_298' title='bbox 403 4038 470 4082; x_wconf 92' lang='lat' dir='ltr'><strong>non</strong></span> <span class='ocrx_word' id='word_1_299' title='bbox 492 4039 557 4082; x_wconf 89' lang='lat' dir='ltr'><strong>una</strong></span> <span class='ocrx_word' id='word_1_300' title='bbox 579 4018 704 4082; x_wconf 86' lang='lat' dir='ltr'><strong>ratione</strong></span> <span class='ocrx_word' id='word_1_301' title='bbox 732 4017 978 4102; x_wconf 82' lang='lat' dir='ltr'><strong>adgnoscuntur.</strong></span> <span class='ocrx_word' id='word_1_302' title='bbox 1024 4014 1071 4080; x_wconf 86' lang='lat' dir='ltr'><strong>Ao</strong></span> <span class='ocrx_word' id='word_1_303' title='bbox 1098 4017 1239 4101; x_wconf 91' lang='lat' dir='ltr'><strong>primum</strong></span> <span class='ocrx_word' id='word_1_304' title='bbox 1267 4019 1395 4102; x_wconf 91' lang='lat' dir='ltr'><strong>quidem</strong></span> 
     </span>
     <span class='ocr_line' id='line_1_36' title="bbox 223 4123 1395 4211; baseline 0.003 -24"><span class='ocrx_word' id='word_1_305' title='bbox 223 4127 299 4187; x_wconf 89' lang='lat' dir='ltr'><strong>sunt</strong></span> <span class='ocrx_word' id='word_1_306' title='bbox 328 4123 412 4201; x_wconf 79' lang='grc' dir='ltr'><strong><em>ἅπαξ</em></strong></span> <span class='ocrx_word' id='word_1_307' title='bbox 436 4127 611 4211; x_wconf 81' lang='grc' dir='ltr'><em>λεγόμενα,</em></span> <span class='ocrx_word' id='word_1_308' title='bbox 639 4147 720 4208; x_wconf 89' lang='lat' dir='ltr'><strong>quae</strong></span> <span class='ocrx_word' id='word_1_309' title='bbox 747 4128 856 4188; x_wconf 90' lang='lat' dir='ltr'><strong>tamen</strong></span> <span class='ocrx_word' id='word_1_310' title='bbox 882 4145 949 4188; x_wconf 89' lang='lat' dir='ltr'><strong>non</strong></span> <span class='ocrx_word' id='word_1_311' title='bbox 976 4123 1022 4187; x_wconf 91' lang='lat' dir='ltr'><strong>ita</strong></span> <span class='ocrx_word' id='word_1_312' title='bbox 1052 4124 1155 4188; x_wconf 87' lang='lat' dir='ltr'><strong>multa</strong></span> <span class='ocrx_word' id='word_1_313' title='bbox 1176 4124 1395 4190; x_wconf 88' lang='lat' dir='ltr'><strong>inveniuntur.</strong></span> 
     </span>
     <span class='ocr_line' id='line_1_37' title="bbox 222 4227 1396 4318; baseline 0 -24"><span class='ocrx_word' id='word_1_314' title='bbox 222 4227 408 4314; x_wconf 83' lang='lat' dir='ltr'><strong>Sequuntur</strong></span> <span class='ocrx_word' id='word_1_315' title='bbox 439 4230 509 4318; x_wconf 89' lang='lat' dir='ltr'><strong>illa,</strong></span> <span class='ocrx_word' id='word_1_316' title='bbox 540 4231 576 4295; x_wconf 88' lang='lat' dir='ltr'><strong>in</strong></span> <span class='ocrx_word' id='word_1_317' title='bbox 603 4232 721 4315; x_wconf 93' lang='lat' dir='ltr'><strong>quibus</strong></span> <span class='ocrx_word' id='word_1_318' title='bbox 748 4231 871 4296; x_wconf 89' lang='lat' dir='ltr'><strong>nostris</strong></span> <span class='ocrx_word' id='word_1_319' title='bbox 900 4229 1031 4295; x_wconf 91' lang='lat' dir='ltr'><strong>scholiis</strong></span> <span class='ocrx_word' id='word_1_320' title='bbox 1059 4231 1254 4315; x_wconf 86' lang='lat' dir='ltr'><strong>comparatis</strong></span> <span class='ocrx_word' id='word_1_321' title='bbox 1283 4230 1396 4296; x_wconf 89' lang='lat' dir='ltr'><strong>statim</strong></span> 
     </span>
     <span class='ocr_line' id='line_1_38' title="bbox 221 4337 1393 4425; baseline 0 -23"><span class='ocrx_word' id='word_1_322' title='bbox 221 4341 326 4425; x_wconf 90' lang='lat' dir='ltr'><strong>patet,</strong></span> <span class='ocrx_word' id='word_1_323' title='bbox 354 4338 409 4421; x_wconf 92' lang='lat' dir='ltr'><strong>qui</strong></span> <span class='ocrx_word' id='word_1_324' title='bbox 436 4338 535 4403; x_wconf 86' lang='lat' dir='ltr'><strong>fuerit</strong></span> <span class='ocrx_word' id='word_1_325' title='bbox 561 4339 644 4402; x_wconf 87' lang='lat' dir='ltr'><strong>fons.</strong></span> <span class='ocrx_word' id='word_1_326' title='bbox 690 4337 834 4414; x_wconf 82' lang='lat' dir='ltr'><strong>Quorum</strong></span> <span class='ocrx_word' id='word_1_327' title='bbox 862 4358 963 4423; x_wconf 86' lang='lat' dir='ltr'><strong>genus</strong></span> <span class='ocrx_word' id='word_1_328' title='bbox 992 4338 1057 4401; x_wconf 86' lang='lat' dir='ltr'><strong>iam</strong></span> <span class='ocrx_word' id='word_1_329' title='bbox 1079 4337 1219 4402; x_wconf 83' lang='lat' dir='ltr'><strong>vidimus</strong></span> <span class='ocrx_word' id='word_1_330' title='bbox 1242 4337 1393 4422; x_wconf 89' lang='lat' dir='ltr'><strong>frequens</strong></span> 
     </span>
     <span class='ocr_line' id='line_1_39' title="bbox 222 4443 1479 4529; baseline -0.002 -19"><span class='ocrx_word' id='word_1_331' title='bbox 222 4465 299 4511; x_wconf 86' lang='lat' dir='ltr'><strong>esse.</strong></span> <span class='ocrx_word' id='word_1_332' title='bbox 343 4444 444 4510; x_wconf 90' lang='lat' dir='ltr'><strong>Porro</strong></span> <span class='ocrx_word' id='word_1_333' title='bbox 478 4446 548 4529; x_wconf 87' lang='lat' dir='ltr'><strong>ipsa</strong></span> <span class='ocrx_word' id='word_1_334' title='bbox 578 4444 730 4510; x_wconf 86' lang='lat' dir='ltr'><strong>lemmata</strong></span> <span class='ocrx_word' id='word_1_335' title='bbox 763 4444 960 4510; x_wconf 89' lang='lat' dir='ltr'><strong>scholiorum</strong></span> <span class='ocrx_word' id='word_1_336' title='bbox 997 4448 1176 4511; x_wconf 83' lang='lat' dir='ltr'><strong>occurrunt.</strong></span> <span class='ocrx_word' id='word_1_337' title='bbox 1201 4445 1328 4529; x_wconf 87' lang='lat' dir='ltr'><strong>saepius</strong></span> <span class='ocrx_word' id='word_1_338' title='bbox 1358 4443 1394 4507; x_wconf 91' lang='lat' dir='ltr'><strong>in</strong></span> <span class='ocrx_word' id='word_1_339' title='bbox 1477 4464 1479 4469; x_wconf 56' lang='lat'><strong>⁴</strong></span> 
     </span>
    </p>
   </div>
   <div class='ocr_carea' id='block_1_4' title="bbox 0 0 1493 4980">
    <p class='ocr_par' dir='ltr' id='par_1_6' title="bbox 0 0 1493 4980">
     <span class='ocr_line' id='line_1_40' title="bbox 0 0 1493 4980; baseline 0 0"><span class='ocrx_word' id='word_1_340' title='bbox 0 0 1493 4980; x_wconf 95' lang='lat' dir='ltr'><strong> </strong></span> 
     </span>
    </p>
   </div>
  </div>
 </body>
</html>
