2970 4980
154 302 195 365 16
590 300 632 353 De
649 298 742 354 Procli
760 299 882 354 scholiis.

159 460 192 550 1)
216 462 384 529 Procliana
408 462 486 526 alibi
505 460 544 549 (e.
569 484 598 548 g.
619 463 654 527 in
671 461 857 527 Monacensi
875 463 942 528 cod.
963 459 1019 548 91)
1039 461 1183 545 pleniora
1202 464 1326 525 exstare

154 567 190 656 2)
209 569 314 634 multa
337 569 437 634 latere
461 569 545 653 apud
559 568 708 633 Taetzam
730 565 766 655 3)
786 569 894 633 00100
912 567 1151 652 Moschopuleis
1171 567 1326 651 quaedam

154 698 249 760 posse
273 676 452 759 recuperari
476 675 604 740 aliunde
627 676 747 760 ignota.
793 675 886 740 Hanc
908 675 1167 739 dissertationem
1189 673 1326 739 Useneri

154 783 182 847 si
205 782 309 867 placet
333 782 512 847 accuratius
534 803 620 846 nunc
642 782 867 846 examinemus.

241 888 373 953 Erravit
394 889 479 953 enim
498 890 548 953 vir
567 888 781 975 doctissimus,
804 889 860 973 qui
879 911 918 953 00
937 887 1059 953 scholio
1079 888 1196 953 codicis
1215 887 1326 953 Mona-

154 995 257 1060 censis
285 995 325 1059 ad
348 1018 375 1059 v.
396 996 437 1059 97
465 995 485 1059 i.
511 1017 535 1059 0.
564 995 685 1060 scholio
709 994 914 1079 Moschopuli
941 995 1117 1059 redundare
1141 994 1263 1079 aliquid
1286 994 1326 1058 ad

152 1102 350 1167 restituenda
370 1101 491 1166 scholia
504 1105 613 1166 vetera
627 1102 775 1166 crederet.
807 1100 894 1167 Nam
907 1124 1009 1186 usque
1024 1103 1063 1166 ad
1076 1102 1175 1167 verba
1189 1103 1326 1167 δοκοῦσι

153 1207 190 1275 dt
217 1207 271 1274 καὶ
300 1207 446 1292 ἑκάτεροι
474 1208 703 1292 Moschopulus
729 1208 812 1272 nihil
838 1208 952 1295 habet,
980 1209 1065 1292 quod
1091 1231 1158 1273 non
1187 1209 1325 1295 legimus

56 1382 58 1386 ,
152 1317 188 1380 10
209 1316 339 1381 scholiis
363 1315 518 1400 antiquis:
541 1319 615 1399 post
633 1315 712 1379 haec
729 1315 827 1380 verba
846 1337 936 1379 suam
954 1316 1023 1399 ipse
1042 1316 1234 1380 senteutiam
1253 1337 1326 1398 pro-

152 1423 245 1510 tulit,
269 1445 332 1506 qua
355 1422 507 1486 discimus
530 1422 622 1486 illum
641 1444 915 1506 quoquoversum
934 1422 976 1486 99
996 1423 1061 1486 iam
1078 1422 1202 1507 legisse,
1222 1443 1326 1507 gram-

153 1530 271 1594 matico
290 1530 391 1593 veteri
409 1550 542 1612 prorsus
562 1529 719 1613 ignotum.
756 1528 795 1592 In
813 1550 850 1592 eo
871 1550 998 1613 quoquc
1017 1529 1136 1594 0000011
1154 1527 1326 1615 Usenerus,

153 1636 239 1720 quod
266 1635 364 1701 allato
393 1658 409 1700 0
436 1635 521 1699 libro
544 1635 730 1700 Monacensi
758 1635 881 1700 scholio
904 1634 1069 1700 Plutarchi
1096 1635 1225 1699 nomine
1253 1657 1326 1699 con-

154 1743 264 1827 spicuo
288 1739 343 1828 (ad
365 1763 393 1805 v.
414 1740 470 1825 25)
499 1741 686 1828 affirmavit,
714 1741 866 1825 quoniam
892 1741 956 1805 ista
979 1742 1014 1804 in
1036 1741 1169 1826 reliquis
1194 1742 1325 1806 scholiis

152 1848 330 1914 Proclianis
365 1869 432 1912 non
464 1848 697 1934 invenirentur,
733 1847 827 1931 plura
859 1870 875 1912 e
910 1847 1106 1912 scholiorum
1138 1849 1326 1913 collectione

154 1956 292 2041 quadam
315 1954 486 2019 veterrima
509 1959 697 2019 conservata
720 1977 789 2019 0000
812 1955 846 2019 in
869 1953 1063 2019 Monacensi.
1109 1955 1243 2019 Minime
1266 1955 1325 2019 ita:

154 2066 229 2127 sunt
257 2062 343 2126 enim
364 2060 530 2147 Plutarchi
559 2062 687 2146 quidem
715 2061 771 2126 illa
798 2061 910 2146 verba,
937 2061 992 2125 sed
1019 2065 1147 2145 sumpta
1170 2084 1208 2126 00
1231 2060 1326 2145 111)οο,

154 2169 211 2252 qui
248 2172 297 2232 001
330 2168 368 2231 de
400 2168 638 2252 tranquillitate
670 2168 768 2233 animi
801 2191 830 2252 p.
856 2167 958 2232 4730.
1009 2167 1080 2233 Hoc
1112 2172 1221 2232 tamen
1251 2167 1326 2232 inde

153 2275 269 2339 lucrati
293 2297 416 2339 sumus:
441 2279 605 2339 auctorem
629 2274 824 2339 scholiorum
842 2273 1084 2339 Monacensium
1101 2275 1201 2339 fuisse
1220 2275 1326 2338 virum

154 2381 297 2466 doctum,
330 2381 386 2466 qui
416 2386 525 2446 vetera
555 2381 677 2447 scholia
703 2403 769 2446 non
797 2382 902 2446 solum
930 2382 1183 2467 transcribenda,
1214 2403 1327 2446 verum

154 2489 251 2553 etiam
280 2488 438 2573 augenda,
466 2489 604 2553 fortasse
632 2489 819 2574 corrigenda
847 2511 974 2572 quoque
1002 2489 1065 2553 sibi
1093 2488 1326 2573 proposuisset.

154 2594 256 2670 Quam
285 2596 326 2660 ob
354 2618 422 2660 rem
450 2596 478 2659 si
506 2617 588 2680 quae
615 2595 700 2679 apud
727 2617 799 2659 eum
827 2595 1038 2680 locupletiora
1065 2595 1196 2660 iuventa
1223 2599 1327 2678 amnt,

154 2723 191 2766 00
209 2702 393 2766 cautissime
412 2706 507 2766 crunt
526 2700 714 2786 adhibenda,
732 2702 922 2785 praesertim
940 2723 1012 2766 cum
1031 2705 1214 2766 constetne
1233 2701 1327 2765 illum

155 2808 283 2891 quidem
307 2807 503 2872 abstinuisse
526 2830 544 2871 a
568 2806 699 2871 scholiis
722 2807 869 2891 pluribus
891 2807 927 2870 in
944 2831 1044 2871 unum
1062 2807 1325 2873 contaminandis.

154 2912 309 2980 Conferas
333 2914 490 2978 scholium
514 2914 554 2978 ad
572 2937 600 2978 0,
620 2915 661 2977 41
682 2911 750 3000 (fol.
771 2912 875 3001 mov),
899 2937 962 2998 quo
985 2914 1056 2979 loco
1078 2914 1200 2979 scholia
1218 2912 1326 2978 Procli

154 3010 187 3085 01
219 3021 336 3086 0010010
368 3020 559 3085 scholiastae
591 3019 750 3085 conflavit.
797 3019 1026 3085 correctricem
1058 3043 1188 3085 manum
1218 3021 1327 3105 depre-

153 3126 267 3191 hendis
296 3127 331 3190 in
359 3127 480 3191 scholio
510 3126 549 3190 ad
571 3150 600 3192 v.
619 3125 699 3214 524,
727 3127 814 3211 quod
840 3127 938 3212 vulgo
964 3127 1081 3192 dicitur
1103 3125 1217 3191 Procli.
1263 3126 1328 3192 Hic

154 3232 240 3297 enim
268 3255 356 3296 error
384 3234 494 3298 subest
522 3234 557 3297 in
579 3231 767 3298 Aristotelis
792 3233 962 3320 citatione,
989 3233 1141 3298 0010000
1166 3233 1327 3297 sententia

154 3339 332 3424 polypodes
365 3343 492 3404 constat
523 3361 590 3404 non
622 3363 640 3403 a
672 3341 866 3425 παγούροις,
899 3339 955 3403 sed
983 3340 1048 3405 ὑπὸ
1078 3350 1145 3404 τῶν
1172 3333 1328 3426 γόγγρων

155 3444 244 3532 (hist.
278 3446 372 3510 anim.
399 3449 433 3532 8,
454 3444 490 3534 2)
528 3468 638 3511 000000
677 3464 753 3510 esse.
803 3444 971 3529 Perspexit
1003 3468 1143 3510 errorem
1173 3445 1327 3509 librarius

154 3552 356 3618 Monacensis
384 3557 416 3618 et
445 3554 565 3638 optime
592 3552 744 3636 correxit,
770 3574 830 3616 nco
852 3557 962 3616 tamen
984 3574 1023 3615 00
1045 3550 1222 3617 Aristotele
1245 3552 1328 3638 ipsc,

159 3659 214 3724 sed
238 3682 276 3724 00
299 3657 466 3725 Athenaeo
491 3660 536 3748 (7,
555 3657 674 3746 3161).

245 3765 394 3830 Ceterum
421 3767 456 3831 in
483 3767 668 3831 universum
694 3765 732 3830 de
756 3751 887 3831 scholiis
909 3764 1078 3830 Hesiodeis
1102 3766 1223 3850 optime
1246 3767 1328 3831 iudi-

155 3873 240 3938 00011
262 3871 425 3938 Usenerus
452 3873 612 3959 longeque
641 3872 818 3958 superavit,
846 3893 927 3955 quae
955 3871 1104 3937 incohata
1127 3872 1328 3957 reliquenmt

156 3984 187 4044 et
214 3980 344 4044 turbata
372 3981 450 4045 adeo
478 3981 513 4045 in
540 3980 731 4064 quibusdam
753 3978 899 4042 Rankius
927 3983 959 4043 et
983 3976 1201 4043 Vollbehrius.
1246 3979 1328 4044 Post

155 4086 335 4152 Usenerum
376 4091 509 4152 conatus
545 4091 593 4150 est
630 4083 882 4172 Waeschkius1)
920 4089 952 4149 01
990 4086 1081 4150 brevi
1117 4090 1206 4170 post
1229 4086 1328 4150 etiam

246 4338 271 4405 1)
291 4333 545 4390 commentationes
573 4332 735 4403 philologos
763 4329 793 4384 in
820 4332 954 4387 honorem
978 4333 1009 4388 G.
1030 4332 1126 4388 Curtii.
1161 4331 1235 4402 Lips.
1258 4338 1328 4387 1874

155 4442 182 4494 p.
203 4430 254 4479 150
264 4441 323 4493 sqq.
