<?xml version="1.0" encoding="UTF-8"?>
<!DOCTYPE html PUBLIC "-//W3C//DTD XHTML 1.0 Transitional//EN"
    "http://www.w3.org/TR/xhtml1/DTD/xhtml1-transitional.dtd">
<html xmlns="http://www.w3.org/1999/xhtml" xml:lang="en" lang="en">
 <head>
  <title>
</title>
<meta http-equiv="Content-Type" content="text/html;charset=utf-8" />
  <meta name='ocr-system' content='tesseract 3.04.00' />
  <meta name='ocr-capabilities' content='ocr_page ocr_carea ocr_par ocr_line ocrx_word'/>
</head>
<body>
  <div class='ocr_page' id='page_1' title='image "./studiahesiodeas00dimigoog_0051.png"; bbox 0 0 2970 4980; ppageno 0'>
   <div class='ocr_carea' id='block_1_1' title="bbox 151 271 1165 343">
    <p class='ocr_par' dir='ltr' id='par_1_1' title="bbox 151 271 1165 343">
     <span class='ocr_line' id='line_1_1' title="bbox 151 271 1165 343; baseline 0.001 -15"><span class='ocrx_word' id='word_1_1' title='bbox 151 275 195 339; x_wconf 89' lang='grc'>40</span> <span class='ocrx_word' id='word_1_2' title='bbox 310 274 353 328; x_wconf 91' lang='lat' dir='ltr'>De</span> <span class='ocrx_word' id='word_1_3' title='bbox 371 273 485 329; x_wconf 83' lang='lat' dir='ltr'>scholiis</span> <span class='ocrx_word' id='word_1_4' title='bbox 505 289 539 328; x_wconf 84' lang='lat' dir='ltr'>ex</span> <span class='ocrx_word' id='word_1_5' title='bbox 556 274 648 329; x_wconf 88' lang='lat' dir='ltr'>Procli</span> <span class='ocrx_word' id='word_1_6' title='bbox 667 275 696 329; x_wconf 89' lang='lat' dir='ltr'>et</span> <span class='ocrx_word' id='word_1_7' title='bbox 709 273 821 328; x_wconf 85' lang='lat' dir='ltr'>Veteris</span> <span class='ocrx_word' id='word_1_8' title='bbox 842 276 988 329; x_wconf 89' lang='lat' dir='ltr'>comment.</span> <span class='ocrx_word' id='word_1_9' title='bbox 1009 271 1165 343; x_wconf 79' lang='lat' dir='ltr'><strong>exscriptis.</strong></span> 
     </span>
    </p>
   </div>
   <div class='ocr_carea' id='block_1_2' title="bbox 150 436 1328 2981">
    <p class='ocr_par' dir='ltr' id='par_1_2' title="bbox 150 436 1324 1163">
     <span class='ocr_line' id='line_1_2' title="bbox 150 436 1322 522; baseline -0.002 -19"><span class='ocrx_word' id='word_1_10' title='bbox 150 439 321 504; x_wconf 89' lang='lat' dir='ltr'>lectionem</span> <span class='ocrx_word' id='word_1_11' title='bbox 343 437 575 522; x_wconf 90' lang='lat' dir='ltr'>interpretatur</span> <span class='ocrx_word' id='word_1_12' title='bbox 597 437 758 502; x_wconf 85' lang='lat' dir='ltr'>traditam.</span> <span class='ocrx_word' id='word_1_13' title='bbox 796 437 973 522; x_wconf 78' lang='lat' dir='ltr'><strong>Utriusque</strong></span> <span class='ocrx_word' id='word_1_14' title='bbox 992 436 1113 502; x_wconf 88' lang='lat' dir='ltr'>scholia</span> <span class='ocrx_word' id='word_1_15' title='bbox 1132 436 1173 502; x_wconf 86' lang='lat' dir='ltr'>ad</span> <span class='ocrx_word' id='word_1_16' title='bbox 1192 437 1322 501; x_wconf 85' lang='lat' dir='ltr'>verbum</span> 
     </span>
     <span class='ocr_line' id='line_1_3' title="bbox 151 542 1323 629; baseline -0.001 -20"><span class='ocrx_word' id='word_1_17' title='bbox 151 545 217 611; x_wconf 88' lang='lat' dir='ltr'>fere</span> <span class='ocrx_word' id='word_1_18' title='bbox 240 545 401 629; x_wconf 91' lang='lat' dir='ltr'>exscripta</span> <span class='ocrx_word' id='word_1_19' title='bbox 420 544 535 609; x_wconf 83' lang='lat' dir='ltr'>Taetza</span> <span class='ocrx_word' id='word_1_20' title='bbox 553 545 757 610; x_wconf 83' lang='lat' dir='ltr'>concinnavit</span> <span class='ocrx_word' id='word_1_21' title='bbox 776 546 836 610; x_wconf 88' lang='lat' dir='ltr'>ita:</span> <span class='ocrx_word' id='word_1_22' title='bbox 860 545 877 611; x_wconf 87' lang='grc' dir='ltr'>ὁ</span> <span class='ocrx_word' id='word_1_23' title='bbox 898 542 935 611; x_wconf 75' lang='lat' dir='ltr'>dt</span> <span class='ocrx_word' id='word_1_24' title='bbox 953 546 1145 629; x_wconf 80' lang='grc' dir='ltr'><strong><em>σοφώτατος</em></strong></span> <span class='ocrx_word' id='word_1_25' title='bbox 1162 547 1323 628; x_wconf 80' lang='grc' dir='ltr'><strong><em>Πρόκλος,</em></strong></span> 
     </span>
     <span class='ocr_line' id='line_1_4' title="bbox 151 649 1324 738; baseline -0.001 -21"><span class='ocrx_word' id='word_1_26' title='bbox 151 655 210 718; x_wconf 91' lang='grc' dir='ltr'>τὸν</span> <span class='ocrx_word' id='word_1_27' title='bbox 225 651 391 717; x_wconf 79' lang='grc' dir='ltr'><strong><em>Πλάτωνα</em></strong></span> <span class='ocrx_word' id='word_1_28' title='bbox 414 650 528 738; x_wconf 79' lang='grc' dir='ltr'><strong><em>φέρων</em></strong></span> <span class='ocrx_word' id='word_1_29' title='bbox 547 652 708 738; x_wconf 79' lang='grc' dir='ltr'><strong><em>μάρτυροι,</em></strong></span> <span class='ocrx_word' id='word_1_30' title='bbox 732 650 835 738; x_wconf 81' lang='grc' dir='ltr'><strong><em>φησὶν</em></strong></span> <span class='ocrx_word' id='word_1_31' title='bbox 853 649 958 737; x_wconf 70' lang='grc' dir='ltr'><strong><em>μηδὲν</em></strong></span> <span class='ocrx_word' id='word_1_32' title='bbox 977 655 1096 736; x_wconf 81' lang='grc' dir='ltr'><strong><em>ὄρνεον</em></strong></span> <span class='ocrx_word' id='word_1_33' title='bbox 1115 652 1324 736; x_wconf 81' lang='grc' dir='ltr'><strong><em>λυπούμενον</em></strong></span> 
     </span>
     <span class='ocr_line' id='line_1_5' title="bbox 152 756 1324 846; baseline -0.002 -22"><span class='ocrx_word' id='word_1_34' title='bbox 152 757 246 846; x_wconf 77' lang='grc' dir='ltr'><strong><em>ᾅδειν</em></strong></span> <span class='ocrx_word' id='word_1_35' title='bbox 266 770 383 836; x_wconf 80' lang='grc' dir='ltr'><strong>..πῶς</strong></span> <span class='ocrx_word' id='word_1_36' title='bbox 415 756 452 824; x_wconf 73' lang='lat' dir='ltr'>dd</span> <span class='ocrx_word' id='word_1_37' title='bbox 485 762 526 824; x_wconf 83' lang='grc' dir='ltr'>σὺ</span> <span class='ocrx_word' id='word_1_38' title='bbox 559 759 576 825; x_wconf 87' lang='grc' dir='ltr'>ὁ</span> <span class='ocrx_word' id='word_1_39' title='bbox 611 761 654 844; x_wconf 83' lang='grc' dir='ltr'>μὴ</span> <span class='ocrx_word' id='word_1_40' title='bbox 688 759 865 844; x_wconf 76' lang='grc' dir='ltr'><strong><em>δεξάμενος</em></strong></span> <span class='ocrx_word' id='word_1_41' title='bbox 896 767 1038 846; x_wconf 73' lang='grc' dir='ltr'><strong><em>θρηνεῖν</em></strong></span> <span class='ocrx_word' id='word_1_42' title='bbox 1071 759 1133 842; x_wconf 77' lang='grc' dir='ltr'>τὴν</span> <span class='ocrx_word' id='word_1_43' title='bbox 1161 758 1324 843; x_wconf 78' lang='grc' dir='ltr'><strong><em>χελιδόνα,</em></strong></span> 
     </span>
     <span class='ocr_line' id='line_1_6' title="bbox 152 863 1324 952; baseline -0.001 -22"><span class='ocrx_word' id='word_1_44' title='bbox 152 866 344 943; x_wconf 77' lang='grc' dir='ltr'><strong><em>Πανδίονος</em></strong></span> <span class='ocrx_word' id='word_1_45' title='bbox 367 867 470 949; x_wconf 77' lang='grc' dir='ltr'><strong><em>αὐτὴν</em></strong></span> <span class='ocrx_word' id='word_1_46' title='bbox 494 864 591 945; x_wconf 77' lang='grc' dir='ltr'><strong><em>ἐδέξω</em></strong></span> <span class='ocrx_word' id='word_1_47' title='bbox 615 864 800 952; x_wconf 55' lang='grc' dir='ltr'><strong><em>θυγατέρος</em></strong></span> <span class='ocrx_word' id='word_1_48' title='bbox 822 873 889 933; x_wconf 85' lang='grc' dir='ltr'><strong><em>ιιτλ.</em></strong></span> <span class='ocrx_word' id='word_1_49' title='bbox 926 865 973 930; x_wconf 84' lang='lat' dir='ltr'>At</span> <span class='ocrx_word' id='word_1_50' title='bbox 992 888 1073 951; x_wconf 86' lang='lat' dir='ltr'>quae</span> <span class='ocrx_word' id='word_1_51' title='bbox 1091 865 1131 931; x_wconf 89' lang='lat' dir='ltr'>ad</span> <span class='ocrx_word' id='word_1_52' title='bbox 1149 863 1324 930; x_wconf 85' lang='lat' dir='ltr'>Pandionis</span> 
     </span>
     <span class='ocr_line' id='line_1_7' title="bbox 151 969 1324 1058; baseline 0.001 -23"><span class='ocrx_word' id='word_1_53' title='bbox 151 971 253 1036; x_wconf 86' lang='lat' dir='ltr'>filiam</span> <span class='ocrx_word' id='word_1_54' title='bbox 271 972 443 1058; x_wconf 70' lang='lat' dir='ltr'>pertinent,</span> <span class='ocrx_word' id='word_1_55' title='bbox 461 972 670 1036; x_wconf 88' lang='lat' dir='ltr'>inveniuntur</span> <span class='ocrx_word' id='word_1_56' title='bbox 688 972 724 1035; x_wconf 89' lang='lat' dir='ltr'>in</span> <span class='ocrx_word' id='word_1_57' title='bbox 742 971 865 1036; x_wconf 91' lang='lat' dir='ltr'>scholio</span> <span class='ocrx_word' id='word_1_58' title='bbox 884 972 945 1037; x_wconf 94' lang='lat' dir='ltr'>sub</span> <span class='ocrx_word' id='word_1_59' title='bbox 964 973 1079 1048; x_wconf 76' lang='grc' dir='ltr'><strong><em>ἄλλως.</em></strong></span> <span class='ocrx_word' id='word_1_60' title='bbox 1115 969 1200 1036; x_wconf 83' lang='lat' dir='ltr'>Sunt</span> <span class='ocrx_word' id='word_1_61' title='bbox 1218 975 1324 1037; x_wconf 86' lang='lat' dir='ltr'>autem</span> 
     </span>
     <span class='ocr_line' id='line_1_8' title="bbox 152 1077 675 1163; baseline 0 -21"><span class='ocrx_word' id='word_1_62' title='bbox 152 1077 310 1142; x_wconf 89' lang='lat' dir='ltr'>eiusmodi</span> <span class='ocrx_word' id='word_1_63' title='bbox 333 1078 477 1163; x_wconf 89' lang='lat' dir='ltr'>exempla</span> <span class='ocrx_word' id='word_1_64' title='bbox 500 1079 675 1143; x_wconf 91' lang='lat' dir='ltr'>innumera.</span> 
     </span>
    </p>

    <p class='ocr_par' dir='ltr' id='par_1_3' title="bbox 151 1182 1328 2981">
     <span class='ocr_line' id='line_1_9' title="bbox 242 1182 1326 1273; baseline 0.002 -25"><span class='ocrx_word' id='word_1_65' title='bbox 242 1182 364 1259; x_wconf 81' lang='lat' dir='ltr'>Quodsi</span> <span class='ocrx_word' id='word_1_66' title='bbox 387 1184 502 1250; x_wconf 81' lang='lat' dir='ltr'>Taetza</span> <span class='ocrx_word' id='word_1_67' title='bbox 529 1186 710 1270; x_wconf 88' lang='lat' dir='ltr'>prorniscue</span> <span class='ocrx_word' id='word_1_68' title='bbox 732 1184 874 1251; x_wconf 89' lang='lat' dir='ltr'>habebat</span> <span class='ocrx_word' id='word_1_69' title='bbox 897 1186 1066 1269; x_wconf 87' lang='lat' dir='ltr'>utriusque</span> <span class='ocrx_word' id='word_1_70' title='bbox 1089 1184 1225 1273; x_wconf 83' lang='lat' dir='ltr'>scholia,</span> <span class='ocrx_word' id='word_1_71' title='bbox 1250 1185 1326 1270; x_wconf 90' lang='lat' dir='ltr'>quid</span> 
     </span>
     <span class='ocr_line' id='line_1_10' title="bbox 151 1290 1325 1381; baseline 0.003 -26"><span class='ocrx_word' id='word_1_72' title='bbox 151 1292 273 1356; x_wconf 85' lang='lat' dir='ltr'>facturn</span> <span class='ocrx_word' id='word_1_73' title='bbox 301 1312 370 1355; x_wconf 91' lang='lat' dir='ltr'>esse</span> <span class='ocrx_word' id='word_1_74' title='bbox 398 1290 651 1377; x_wconf 89' lang='lat' dir='ltr'>aMoschopulo</span> <span class='ocrx_word' id='word_1_75' title='bbox 679 1293 730 1357; x_wconf 86' lang='lat' dir='ltr'>vel</span> <span class='ocrx_word' id='word_1_76' title='bbox 758 1315 776 1356; x_wconf 90' lang='lat' dir='ltr'>a</span> <span class='ocrx_word' id='word_1_77' title='bbox 802 1292 945 1357; x_wconf 87' lang='lat' dir='ltr'>librariis</span> <span class='ocrx_word' id='word_1_78' title='bbox 967 1292 1155 1357; x_wconf 79' lang='lat' dir='ltr'>recentioris</span> <span class='ocrx_word' id='word_1_79' title='bbox 1178 1290 1325 1381; x_wconf 67' lang='lat' dir='ltr'>aetatisl)</span> 
     </span>
     <span class='ocr_line' id='line_1_11' title="bbox 153 1397 1326 1485; baseline 0.001 -22"><span class='ocrx_word' id='word_1_80' title='bbox 153 1399 375 1483; x_wconf 80' lang='lat' dir='ltr'>exspectabis?</span> <span class='ocrx_word' id='word_1_81' title='bbox 409 1397 470 1464; x_wconf 85' lang='lat' dir='ltr'>Sed</span> <span class='ocrx_word' id='word_1_82' title='bbox 492 1420 532 1462; x_wconf 96' lang='lat' dir='ltr'>ne</span> <span class='ocrx_word' id='word_1_83' title='bbox 552 1399 676 1463; x_wconf 86' lang='lat' dir='ltr'>auctori</span> <span class='ocrx_word' id='word_1_84' title='bbox 695 1399 823 1482; x_wconf 92' lang='lat' dir='ltr'>quidem</span> <span class='ocrx_word' id='word_1_85' title='bbox 837 1398 1068 1485; x_wconf 82' lang='lat' dir='ltr'>Etymologici,</span> <span class='ocrx_word' id='word_1_86' title='bbox 1089 1399 1205 1464; x_wconf 88' lang='lat' dir='ltr'>maiori</span> <span class='ocrx_word' id='word_1_87' title='bbox 1223 1403 1326 1466; x_wconf 87' lang='lat' dir='ltr'>aetate</span> 
     </span>
     <span class='ocr_line' id='line_1_12' title="bbox 154 1504 1326 1592; baseline 0 -21"><span class='ocrx_word' id='word_1_88' title='bbox 154 1529 250 1590; x_wconf 88' lang='lat' dir='ltr'>quarn</span> <span class='ocrx_word' id='word_1_89' title='bbox 264 1505 389 1591; x_wconf 81' lang='lat' dir='ltr'>Taetza,</span> <span class='ocrx_word' id='word_1_90' title='bbox 407 1506 526 1592; x_wconf 81' lang='lat' dir='ltr'>integri</span> <span class='ocrx_word' id='word_1_91' title='bbox 544 1509 673 1589; x_wconf 89' lang='lat' dir='ltr'>praesto</span> <span class='ocrx_word' id='word_1_92' title='bbox 692 1510 783 1570; x_wconf 89' lang='lat' dir='ltr'>erant</span> <span class='ocrx_word' id='word_1_93' title='bbox 798 1505 1029 1592; x_wconf 82' lang='lat' dir='ltr'>commentarii,</span> <span class='ocrx_word' id='word_1_94' title='bbox 1047 1528 1105 1570; x_wconf 90' lang='lat' dir='ltr'>nec</span> <span class='ocrx_word' id='word_1_95' title='bbox 1118 1504 1326 1572; x_wconf 86' lang='lat' dir='ltr'>Ps.-Zonarae</span> 
     </span>
     <span class='ocr_line' id='line_1_13' title="bbox 152 1611 1327 1700; baseline -0.001 -22"><span class='ocrx_word' id='word_1_96' title='bbox 152 1635 256 1697; x_wconf 91' lang='lat' dir='ltr'>neque</span> <span class='ocrx_word' id='word_1_97' title='bbox 288 1612 471 1678; x_wconf 85' lang='lat' dir='ltr'>Eustathio.</span> <span class='ocrx_word' id='word_1_98' title='bbox 522 1611 615 1688; x_wconf 82' lang='lat' dir='ltr'>Quod</span> <span class='ocrx_word' id='word_1_99' title='bbox 652 1612 791 1697; x_wconf 88' lang='lat' dir='ltr'>primurn</span> <span class='ocrx_word' id='word_1_100' title='bbox 824 1612 876 1676; x_wconf 84' lang='lat' dir='ltr'>vel</span> <span class='ocrx_word' id='word_1_101' title='bbox 908 1612 981 1676; x_wconf 91' lang='lat' dir='ltr'>inde</span> <span class='ocrx_word' id='word_1_102' title='bbox 1015 1613 1205 1700; x_wconf 86' lang='lat' dir='ltr'>perspicies,</span> <span class='ocrx_word' id='word_1_103' title='bbox 1242 1612 1327 1697; x_wconf 87' lang='lat' dir='ltr'>quod</span> 
     </span>
     <span class='ocr_line' id='line_1_14' title="bbox 153 1718 1327 1806; baseline 0 -22"><span class='ocrx_word' id='word_1_104' title='bbox 153 1720 250 1784; x_wconf 92' lang='lat' dir='ltr'>modo</span> <span class='ocrx_word' id='word_1_105' title='bbox 278 1720 386 1785; x_wconf 90' lang='lat' dir='ltr'>Procli</span> <span class='ocrx_word' id='word_1_106' title='bbox 419 1718 554 1804; x_wconf 87' lang='lat' dir='ltr'>scholia,</span> <span class='ocrx_word' id='word_1_107' title='bbox 585 1719 680 1783; x_wconf 90' lang='lat' dir='ltr'>modo</span> <span class='ocrx_word' id='word_1_108' title='bbox 713 1721 831 1784; x_wconf 85' lang='lat' dir='ltr'>veteris</span> <span class='ocrx_word' id='word_1_109' title='bbox 864 1720 1066 1806; x_wconf 82' lang='lat' dir='ltr'>grammatici</span> <span class='ocrx_word' id='word_1_110' title='bbox 1093 1720 1257 1804; x_wconf 87' lang='lat' dir='ltr'>exscripta</span> <span class='ocrx_word' id='word_1_111' title='bbox 1282 1719 1327 1784; x_wconf 94' lang='lat' dir='ltr'>in·</span> 
     </span>
     <span class='ocr_line' id='line_1_15' title="bbox 153 1824 1327 1912; baseline 0 -21"><span class='ocrx_word' id='word_1_112' title='bbox 153 1827 262 1891; x_wconf 83' lang='lat' dir='ltr'>venies</span> <span class='ocrx_word' id='word_1_113' title='bbox 286 1827 327 1890; x_wconf 91' lang='lat' dir='ltr'>ab</span> <span class='ocrx_word' id='word_1_114' title='bbox 351 1824 464 1912; x_wconf 68' lang='lat' dir='ltr'>illisi);</span> <span class='ocrx_word' id='word_1_115' title='bbox 487 1829 557 1890; x_wconf 90' lang='lat' dir='ltr'>turn</span> <span class='ocrx_word' id='word_1_116' title='bbox 581 1825 666 1910; x_wconf 91' lang='lat' dir='ltr'>quod</span> <span class='ocrx_word' id='word_1_117' title='bbox 689 1847 774 1890; x_wconf 93' lang='lat' dir='ltr'>nunc</span> <span class='ocrx_word' id='word_1_118' title='bbox 796 1827 908 1912; x_wconf 87' lang='lat' dir='ltr'>multa,</span> <span class='ocrx_word' id='word_1_119' title='bbox 930 1848 1015 1891; x_wconf 92' lang='lat' dir='ltr'>nunc</span> <span class='ocrx_word' id='word_1_120' title='bbox 1038 1849 1139 1911; x_wconf 90' lang='lat' dir='ltr'>pauca</span> <span class='ocrx_word' id='word_1_121' title='bbox 1160 1848 1199 1890; x_wconf 90' lang='lat' dir='ltr'>ex</span> <span class='ocrx_word' id='word_1_122' title='bbox 1218 1826 1327 1891; x_wconf 91' lang='lat' dir='ltr'>eodem</span> 
     </span>
     <span class='ocr_line' id='line_1_16' title="bbox 154 1932 1327 2020; baseline -0.001 -22"><span class='ocrx_word' id='word_1_123' title='bbox 154 1933 276 2018; x_wconf 86' lang='lat' dir='ltr'>singuli</span> <span class='ocrx_word' id='word_1_124' title='bbox 298 1934 389 1998; x_wconf 87' lang='lat' dir='ltr'>fonte</span> <span class='ocrx_word' id='word_1_125' title='bbox 411 1932 607 2020; x_wconf 82' lang='lat' dir='ltr'>producunt,</span> <span class='ocrx_word' id='word_1_126' title='bbox 633 1933 680 1997; x_wconf 88' lang='lat' dir='ltr'>ita</span> <span class='ocrx_word' id='word_1_127' title='bbox 705 1937 742 1997; x_wconf 92' lang='lat' dir='ltr'>ut</span> <span class='ocrx_word' id='word_1_128' title='bbox 766 1938 888 1998; x_wconf 87' lang='lat' dir='ltr'>certum</span> <span class='ocrx_word' id='word_1_129' title='bbox 911 1934 954 1998; x_wconf 90' lang='lat' dir='ltr'>sit</span> <span class='ocrx_word' id='word_1_130' title='bbox 977 1934 1083 1998; x_wconf 86' lang='lat' dir='ltr'>varias</span> <span class='ocrx_word' id='word_1_131' title='bbox 1105 1936 1327 2016; x_wconf 88' lang='lat' dir='ltr'>excerptorum</span> 
     </span>
     <span class='ocr_line' id='line_1_17' title="bbox 153 2040 1327 2128; baseline 0 -23"><span class='ocrx_word' id='word_1_132' title='bbox 153 2041 296 2127; x_wconf 75' lang='lat' dir='ltr'>syllogus</span> <span class='ocrx_word' id='word_1_133' title='bbox 326 2041 372 2104; x_wconf 91' lang='lat' dir='ltr'>eis</span> <span class='ocrx_word' id='word_1_134' title='bbox 401 2040 440 2103; x_wconf 88' lang='lat' dir='ltr'>ad</span> <span class='ocrx_word' id='word_1_135' title='bbox 467 2061 580 2104; x_wconf 89' lang='lat' dir='ltr'>manus</span> <span class='ocrx_word' id='word_1_136' title='bbox 609 2041 722 2105; x_wconf 84' lang='lat' dir='ltr'>fuisse:</span> <span class='ocrx_word' id='word_1_137' title='bbox 751 2041 901 2128; x_wconf 73' lang='lat' dir='ltr'>denique,</span> <span class='ocrx_word' id='word_1_138' title='bbox 928 2041 961 2104; x_wconf 91' lang='lat' dir='ltr'>id</span> <span class='ocrx_word' id='word_1_139' title='bbox 988 2041 1074 2124; x_wconf 93' lang='lat' dir='ltr'>quod</span> <span class='ocrx_word' id='word_1_140' title='bbox 1100 2040 1327 2127; x_wconf 81' lang='lat' dir='ltr'>gravissimum</span> 
     </span>
     <span class='ocr_line' id='line_1_18' title="bbox 154 2146 1327 2234; baseline -0.001 -23"><span class='ocrx_word' id='word_1_141' title='bbox 154 2151 216 2232; x_wconf 88' lang='lat' dir='ltr'>est,</span> <span class='ocrx_word' id='word_1_142' title='bbox 245 2146 332 2230; x_wconf 93' lang='lat' dir='ltr'>quod</span> <span class='ocrx_word' id='word_1_143' title='bbox 360 2146 482 2211; x_wconf 90' lang='lat' dir='ltr'>scholia</span> <span class='ocrx_word' id='word_1_144' title='bbox 504 2146 612 2211; x_wconf 90' lang='lat' dir='ltr'>Procli</span> <span class='ocrx_word' id='word_1_145' title='bbox 640 2151 672 2211; x_wconf 89' lang='lat' dir='ltr'>et</span> <span class='ocrx_word' id='word_1_146' title='bbox 699 2148 817 2212; x_wconf 86' lang='lat' dir='ltr'>veteris</span> <span class='ocrx_word' id='word_1_147' title='bbox 844 2148 1046 2234; x_wconf 84' lang='lat' dir='ltr'>grammatici</span> <span class='ocrx_word' id='word_1_148' title='bbox 1071 2146 1234 2211; x_wconf 90' lang='lat' dir='ltr'>interdurn</span> <span class='ocrx_word' id='word_1_149' title='bbox 1257 2168 1327 2212; x_wconf 91' lang='lat' dir='ltr'>oon·</span> 
     </span>
     <span class='ocr_line' id='line_1_19' title="bbox 154 2253 1326 2339; baseline -0.001 -21"><span class='ocrx_word' id='word_1_150' title='bbox 154 2255 265 2318; x_wconf 88' lang='lat' dir='ltr'>iuncta</span> <span class='ocrx_word' id='word_1_151' title='bbox 296 2257 372 2318; x_wconf 92' lang='lat' dir='ltr'>sunt</span> <span class='ocrx_word' id='word_1_152' title='bbox 405 2254 440 2317; x_wconf 92' lang='lat' dir='ltr'>in</span> <span class='ocrx_word' id='word_1_153' title='bbox 467 2275 575 2318; x_wconf 92' lang='lat' dir='ltr'>unum.</span> <span class='ocrx_word' id='word_1_154' title='bbox 620 2253 730 2319; x_wconf 91' lang='lat' dir='ltr'>Unum</span> <span class='ocrx_word' id='word_1_155' title='bbox 758 2255 860 2319; x_wconf 84' lang='lat' dir='ltr'>duove</span> <span class='ocrx_word' id='word_1_156' title='bbox 888 2254 1034 2339; x_wconf 89' lang='lat' dir='ltr'>exempla</span> <span class='ocrx_word' id='word_1_157' title='bbox 1061 2275 1220 2339; x_wconf 85' lang='lat' dir='ltr'>apponere</span> <span class='ocrx_word' id='word_1_158' title='bbox 1249 2254 1326 2318; x_wconf 91' lang='lat' dir='ltr'>satis</span> 
     </span>
     <span class='ocr_line' id='line_1_20' title="bbox 153 2358 1325 2447; baseline 0.002 -22"><span class='ocrx_word' id='word_1_159' title='bbox 153 2360 290 2426; x_wconf 91' lang='lat' dir='ltr'>habebo.</span> <span class='ocrx_word' id='word_1_160' title='bbox 336 2358 442 2425; x_wconf 82' lang='lat' dir='ltr'>Adeas</span> <span class='ocrx_word' id='word_1_161' title='bbox 470 2360 734 2446; x_wconf 78' lang='lat' dir='ltr'>Etymologioum</span> <span class='ocrx_word' id='word_1_162' title='bbox 760 2360 923 2446; x_wconf 82' lang='lat' dir='ltr'>Magnum.</span> <span class='ocrx_word' id='word_1_163' title='bbox 969 2359 1021 2426; x_wconf 81' lang='lat' dir='ltr'>Ad</span> <span class='ocrx_word' id='word_1_164' title='bbox 1046 2384 1074 2426; x_wconf 89' lang='lat' dir='ltr'>v.</span> <span class='ocrx_word' id='word_1_165' title='bbox 1095 2360 1160 2427; x_wconf 77' lang='lat'>750</span> <span class='ocrx_word' id='word_1_166' title='bbox 1184 2358 1229 2447; x_wconf 88' lang='lat' dir='ltr'>(p.</span> <span class='ocrx_word' id='word_1_167' title='bbox 1248 2358 1325 2447; x_wconf 88' lang='lat'>408)</span> 
     </span>
     <span class='ocr_line' id='line_1_21' title="bbox 154 2467 1326 2555; baseline -0.001 -23"><span class='ocrx_word' id='word_1_168' title='bbox 154 2469 216 2533; x_wconf 91' lang='lat' dir='ltr'>duo</span> <span class='ocrx_word' id='word_1_169' title='bbox 248 2471 324 2533; x_wconf 91' lang='lat' dir='ltr'>sunt</span> <span class='ocrx_word' id='word_1_170' title='bbox 358 2467 481 2533; x_wconf 90' lang='lat' dir='ltr'>scholia</span> <span class='ocrx_word' id='word_1_171' title='bbox 507 2469 664 2555; x_wconf 82' lang='lat' dir='ltr'>insignita</span> <span class='ocrx_word' id='word_1_172' title='bbox 691 2490 748 2553; x_wconf 91' lang='lat' dir='ltr'>per</span> <span class='ocrx_word' id='word_1_173' title='bbox 776 2469 892 2546; x_wconf 80' lang='grc' dir='ltr'><strong><em>ἄλλως.</em></strong></span> <span class='ocrx_word' id='word_1_174' title='bbox 942 2469 1065 2533; x_wconf 85' lang='lat' dir='ltr'>Eadem</span> <span class='ocrx_word' id='word_1_175' title='bbox 1092 2467 1223 2532; x_wconf 85' lang='lat' dir='ltr'>exhibet</span> <span class='ocrx_word' id='word_1_176' title='bbox 1250 2467 1326 2552; x_wconf 79' lang='lat' dir='ltr'>ny-</span> 
     </span>
     <span class='ocr_line' id='line_1_22' title="bbox 154 2572 1325 2662; baseline 0 -23"><span class='ocrx_word' id='word_1_177' title='bbox 154 2575 306 2662; x_wconf 83' lang='lat' dir='ltr'>mologici</span> <span class='ocrx_word' id='word_1_178' title='bbox 334 2575 446 2660; x_wconf 82' lang='lat' dir='ltr'>Magni</span> <span class='ocrx_word' id='word_1_179' title='bbox 474 2576 573 2640; x_wconf 90' lang='lat' dir='ltr'>codex</span> <span class='ocrx_word' id='word_1_180' title='bbox 596 2574 776 2639; x_wconf 87' lang='lat' dir='ltr'>Vossianus</span> <span class='ocrx_word' id='word_1_181' title='bbox 800 2572 844 2661; x_wconf 83' lang='lat' dir='ltr'>(p.</span> <span class='ocrx_word' id='word_1_182' title='bbox 863 2576 921 2662; x_wconf 82' lang='lat'>48,</span> <span class='ocrx_word' id='word_1_183' title='bbox 940 2574 982 2639; x_wconf 83' lang='lat'>35</span> <span class='ocrx_word' id='word_1_184' title='bbox 1005 2572 1100 2662; x_wconf 86' lang='lat' dir='ltr'>not.):</span> <span class='ocrx_word' id='word_1_185' title='bbox 1128 2574 1325 2658; x_wconf 82' lang='grc' dir='ltr'><strong><em>ἀκίνητον·</em></strong></span> 
     </span>
     <span class='ocr_line' id='line_1_23' title="bbox 156 2679 1327 2769; baseline -0.001 -22"><span class='ocrx_word' id='word_1_186' title='bbox 156 2685 309 2766; x_wconf 79' lang='grc' dir='ltr'><strong><em>σημαίνει</em></strong></span> <span class='ocrx_word' id='word_1_187' title='bbox 334 2681 509 2747; x_wconf 75' lang='grc' dir='ltr'><strong><em>ἐνταῦθα</em></strong></span> <span class='ocrx_word' id='word_1_188' title='bbox 531 2684 590 2748; x_wconf 90' lang='grc' dir='ltr'>τὸν</span> <span class='ocrx_word' id='word_1_189' title='bbox 611 2681 727 2766; x_wconf 81' lang='grc' dir='ltr'><strong><em>τάφον.</em></strong></span> <span class='ocrx_word' id='word_1_190' title='bbox 761 2679 917 2759; x_wconf 76' lang='grc' dir='ltr'><strong><em>Ἡσίοδος</em></strong></span> <span class='ocrx_word' id='word_1_191' title='bbox 936 2681 972 2748; x_wconf 80' lang='grc' dir='ltr'>ἐν</span> <span class='ocrx_word' id='word_1_192' title='bbox 991 2685 1102 2769; x_wconf 77' lang='grc' dir='ltr'><strong><em>ἔργοις</em></strong></span> <span class='ocrx_word' id='word_1_193' title='bbox 1119 2679 1174 2747; x_wconf 79' lang='grc' dir='ltr'>καὶ</span> <span class='ocrx_word' id='word_1_194' title='bbox 1192 2680 1327 2768; x_wconf 82' lang='grc' dir='ltr'><strong><em>ἡμέραις</em></strong></span> 
     </span>
     <span class='ocr_line' id='line_1_24' title="bbox 155 2784 1328 2877; baseline 0.001 -24"><span class='ocrx_word' id='word_1_195' title='bbox 155 2787 342 2877; x_wconf 87' lang='lat' dir='ltr'>(laudantur</span> <span class='ocrx_word' id='word_1_196' title='bbox 370 2812 398 2853; x_wconf 88' lang='lat' dir='ltr'>v.</span> <span class='ocrx_word' id='word_1_197' title='bbox 420 2785 619 2876; x_wconf 79' lang='lat'>750-752).</span> <span class='ocrx_word' id='word_1_198' title='bbox 657 2791 831 2873; x_wconf 82' lang='grc' dir='ltr'><strong><em>σχόλιον·</em></strong></span> <span class='ocrx_word' id='word_1_199' title='bbox 855 2792 957 2874; x_wconf 81' lang='grc' dir='ltr'><strong><em>νόμος</em></strong></span> <span class='ocrx_word' id='word_1_200' title='bbox 980 2784 1022 2873; x_wconf 78' lang='grc' dir='ltr'>ἦν</span> <span class='ocrx_word' id='word_1_201' title='bbox 1049 2791 1137 2875; x_wconf 81' lang='grc' dir='ltr'><strong><em>παρὰ</em></strong></span> <span class='ocrx_word' id='word_1_202' title='bbox 1160 2786 1328 2873; x_wconf 80' lang='grc' dir='ltr'><strong><em>Ῥωμαίοις</em></strong></span> 
     </span>
     <span class='ocr_line' id='line_1_25' title="bbox 155 2890 1325 2981; baseline -0.001 -20"><span class='ocrx_word' id='word_1_203' title='bbox 155 2899 214 2962; x_wconf 91' lang='grc' dir='ltr'>τὸν</span> <span class='ocrx_word' id='word_1_204' title='bbox 245 2895 353 2980; x_wconf 80' lang='grc' dir='ltr'><strong><em>τάφον</em></strong></span> <span class='ocrx_word' id='word_1_205' title='bbox 381 2895 425 2979; x_wconf 78' lang='grc' dir='ltr'>μὴ</span> <span class='ocrx_word' id='word_1_206' title='bbox 453 2905 575 2976; x_wconf 82' lang='grc' dir='ltr'><strong><em>κινεῖν,</em></strong></span> <span class='ocrx_word' id='word_1_207' title='bbox 598 2893 747 2959; x_wconf 80' lang='grc' dir='ltr'><strong><em>τουτέστι</em></strong></span> <span class='ocrx_word' id='word_1_208' title='bbox 775 2894 933 2981; x_wconf 84' lang='grc' dir='ltr'><strong><em>ὀρύττειν.</em></strong></span> <span class='ocrx_word' id='word_1_209' title='bbox 978 2898 1056 2960; x_wconf 81' lang='grc' dir='ltr'><strong><em>τότε</em></strong></span> <span class='ocrx_word' id='word_1_210' title='bbox 1084 2890 1146 2961; x_wconf 86' lang='grc' dir='ltr'>οὖν</span> <span class='ocrx_word' id='word_1_211' title='bbox 1173 2911 1257 2979; x_wconf 81' lang='grc' dir='ltr'><strong><em>φησι</em></strong></span> <span class='ocrx_word' id='word_1_212' title='bbox 1284 2895 1325 2981; x_wconf 80' lang='grc' dir='ltr'>μὴ</span> 
     </span>
    </p>
   </div>
   <div class='ocr_carea' id='block_1_3' title="bbox 167 3059 365 3066">
    <p class='ocr_par' dir='ltr' id='par_1_4' title="bbox 167 3059 365 3066">
     <span class='ocr_line' id='line_1_26' title="bbox 167 3059 365 3066; baseline 0.005 -1"><span class='ocrx_word' id='word_1_213' title='bbox 167 3059 325 3066; x_wconf 50' lang='grc' dir='ltr'><strong><em>-..η--..-</em></strong></span> <span class='ocrx_word' id='word_1_214' title='bbox 331 3059 365 3066; x_wconf 74' lang='lat'>-—-</span> 
     </span>
    </p>
   </div>
   <div class='ocr_carea' id='block_1_4' title="bbox 154 3157 1327 4457">
    <p class='ocr_par' dir='ltr' id='par_1_5' title="bbox 155 3157 1327 3941">
     <span class='ocr_line' id='line_1_27' title="bbox 246 3157 1327 3230; baseline 0.002 -19"><span class='ocrx_word' id='word_1_215' title='bbox 246 3161 271 3228; x_wconf 91' lang='lat'>1)</span> <span class='ocrx_word' id='word_1_216' title='bbox 290 3157 402 3211; x_wconf 82' lang='lat' dir='ltr'>Erravit</span> <span class='ocrx_word' id='word_1_217' title='bbox 420 3158 559 3212; x_wconf 90' lang='lat' dir='ltr'>Usenerus</span> <span class='ocrx_word' id='word_1_218' title='bbox 578 3158 688 3228; x_wconf 85' lang='lat' dir='ltr'>(Rhein.</span> <span class='ocrx_word' id='word_1_219' title='bbox 707 3158 778 3214; x_wconf 90' lang='lat' dir='ltr'>Mus.</span> <span class='ocrx_word' id='word_1_220' title='bbox 794 3159 871 3213; x_wconf 87' lang='lat' dir='ltr'>XXII</span> <span class='ocrx_word' id='word_1_221' title='bbox 889 3178 916 3229; x_wconf 89' lang='lat' dir='ltr'>p.</span> <span class='ocrx_word' id='word_1_222' title='bbox 932 3163 1008 3230; x_wconf 82' lang='lat'>592),</span> <span class='ocrx_word' id='word_1_223' title='bbox 1032 3159 1186 3213; x_wconf 87' lang='lat' dir='ltr'>arbitratus</span> <span class='ocrx_word' id='word_1_224' title='bbox 1212 3178 1275 3215; x_wconf 91' lang='lat' dir='ltr'>curn</span> <span class='ocrx_word' id='word_1_225' title='bbox 1298 3159 1327 3213; x_wconf 92' lang='lat' dir='ltr'>in</span> 
     </span>
     <span class='ocr_line' id='line_1_28' title="bbox 156 3246 1326 3318; baseline 0.001 -16"><span class='ocrx_word' id='word_1_226' title='bbox 156 3246 269 3302; x_wconf 90' lang='lat' dir='ltr'>scholiis</span> <span class='ocrx_word' id='word_1_227' title='bbox 293 3246 509 3301; x_wconf 87' lang='lat' dir='ltr'>Monacensibus</span> <span class='ocrx_word' id='word_1_228' title='bbox 532 3265 734 3316; x_wconf 88' lang='lat' dir='ltr'>nonnunquam</span> <span class='ocrx_word' id='word_1_229' title='bbox 756 3248 895 3304; x_wconf 91' lang='lat' dir='ltr'>nominati</span> <span class='ocrx_word' id='word_1_230' title='bbox 919 3251 1012 3303; x_wconf 89' lang='lat' dir='ltr'>essent</span> <span class='ocrx_word' id='word_1_231' title='bbox 1036 3251 1164 3303; x_wconf 89' lang='lat' dir='ltr'>auctores</span> <span class='ocrx_word' id='word_1_232' title='bbox 1188 3250 1236 3318; x_wconf 90' lang='lat' dir='ltr'>(ad</span> <span class='ocrx_word' id='word_1_233' title='bbox 1254 3268 1279 3306; x_wconf 89' lang='lat' dir='ltr'>v.</span> <span class='ocrx_word' id='word_1_234' title='bbox 1295 3254 1326 3304; x_wconf 77' lang='lat'>25</span> 
     </span>
     <span class='ocr_line' id='line_1_29' title="bbox 155 3335 1326 3407; baseline 0.001 -17"><span class='ocrx_word' id='word_1_235' title='bbox 155 3336 332 3403; x_wconf 88' lang='lat' dir='ltr'>Plutarchus,</span> <span class='ocrx_word' id='word_1_236' title='bbox 347 3335 384 3389; x_wconf 91' lang='lat' dir='ltr'>ad</span> <span class='ocrx_word' id='word_1_237' title='bbox 398 3354 423 3389; x_wconf 88' lang='lat' dir='ltr'>v.</span> <span class='ocrx_word' id='word_1_238' title='bbox 435 3341 486 3389; x_wconf 83' lang='lat'>370</span> <span class='ocrx_word' id='word_1_239' title='bbox 496 3336 620 3406; x_wconf 77' lang='lat' dir='ltr'>Proelus,</span> <span class='ocrx_word' id='word_1_240' title='bbox 635 3340 707 3407; x_wconf 83' lang='lat' dir='ltr'>etc),</span> <span class='ocrx_word' id='word_1_241' title='bbox 723 3338 852 3392; x_wconf 88' lang='lat' dir='ltr'>recedere</span> <span class='ocrx_word' id='word_1_242' title='bbox 866 3338 937 3391; x_wconf 90' lang='lat' dir='ltr'>haec</span> <span class='ocrx_word' id='word_1_243' title='bbox 952 3338 988 3391; x_wconf 90' lang='lat' dir='ltr'>ad</span> <span class='ocrx_word' id='word_1_244' title='bbox 1001 3337 1138 3407; x_wconf 89' lang='lat' dir='ltr'>pristinae</span> <span class='ocrx_word' id='word_1_245' title='bbox 1153 3337 1326 3394; x_wconf 87' lang='lat' dir='ltr'>collectionis</span> 
     </span>
     <span class='ocr_line' id='line_1_30' title="bbox 155 3423 1327 3495; baseline 0.003 -16"><span class='ocrx_word' id='word_1_246' title='bbox 155 3427 321 3495; x_wconf 87' lang='lat' dir='ltr'>perpetuam</span> <span class='ocrx_word' id='word_1_247' title='bbox 344 3423 488 3493; x_wconf 88' lang='lat' dir='ltr'>quandam</span> <span class='ocrx_word' id='word_1_248' title='bbox 507 3425 746 3482; x_wconf 88' lang='lat' dir='ltr'>consuetudinem.</span> <span class='ocrx_word' id='word_1_249' title='bbox 784 3427 839 3481; x_wconf 82' lang='lat' dir='ltr'>Sed</span> <span class='ocrx_word' id='word_1_250' title='bbox 859 3426 998 3495; x_wconf 89' lang='lat' dir='ltr'>conferas,</span> <span class='ocrx_word' id='word_1_251' title='bbox 1018 3443 1090 3494; x_wconf 88' lang='lat' dir='ltr'>quae</span> <span class='ocrx_word' id='word_1_252' title='bbox 1108 3428 1214 3481; x_wconf 90' lang='lat' dir='ltr'>habeat</span> <span class='ocrx_word' id='word_1_253' title='bbox 1232 3429 1327 3484; x_wconf 88' lang='lat' dir='ltr'>Mona·</span> 
     </span>
     <span class='ocr_line' id='line_1_31' title="bbox 157 3512 1325 3586; baseline 0.005 -20"><span class='ocrx_word' id='word_1_254' title='bbox 157 3513 248 3567; x_wconf 89' lang='lat' dir='ltr'>censis</span> <span class='ocrx_word' id='word_1_255' title='bbox 272 3513 303 3566; x_wconf 89' lang='lat' dir='ltr'>in</span> <span class='ocrx_word' id='word_1_256' title='bbox 327 3512 434 3567; x_wconf 90' lang='lat' dir='ltr'>scholio</span> <span class='ocrx_word' id='word_1_257' title='bbox 453 3512 535 3566; x_wconf 89' lang='lat' dir='ltr'>adv.</span> <span class='ocrx_word' id='word_1_258' title='bbox 554 3517 588 3566; x_wconf 87' lang='grc'>41</span> <span class='ocrx_word' id='word_1_259' title='bbox 611 3531 638 3582; x_wconf 91' lang='lat' dir='ltr'>p.</span> <span class='ocrx_word' id='word_1_260' title='bbox 659 3519 739 3568; x_wconf 72' lang='lat'>31511:</span> <span class='ocrx_word' id='word_1_261' title='bbox 769 3514 803 3568; x_wconf 79' lang='grc' dir='ltr'>ἐν</span> <span class='ocrx_word' id='word_1_262' title='bbox 831 3513 962 3586; x_wconf 79' lang='grc' dir='ltr'><strong><em>μαλάχη</em></strong></span> <span class='ocrx_word' id='word_1_263' title='bbox 990 3535 1024 3570; x_wconf 86' lang='grc' dir='ltr'><strong><em>τε</em></strong></span> <span class='ocrx_word' id='word_1_264' title='bbox 1053 3517 1110 3570; x_wconf 76' lang='grc' dir='ltr'>καὶ</span> <span class='ocrx_word' id='word_1_265' title='bbox 1138 3516 1325 3586; x_wconf 72' lang='grc' dir='ltr'><strong><em>ἀσφοδέλου·</em></strong></span> 
     </span>
     <span class='ocr_line' id='line_1_32' title="bbox 157 3596 1326 3677; baseline 0.003 -21"><span class='ocrx_word' id='word_1_266' title='bbox 157 3600 361 3666; x_wconf 76' lang='grc' dir='ltr'><strong><em>εὐτελεστάτοις</em></strong></span> <span class='ocrx_word' id='word_1_267' title='bbox 380 3604 508 3675; x_wconf 84' lang='grc' dir='ltr'><strong><em>βρωτοῖς·</em></strong></span> <span class='ocrx_word' id='word_1_268' title='bbox 529 3596 560 3655; x_wconf 71' lang='grc' dir='ltr'>ἐι</span> <span class='ocrx_word' id='word_1_269' title='bbox 579 3601 684 3656; x_wconf 79' lang='grc' dir='ltr'><strong><em>τούτων</em></strong></span> <span class='ocrx_word' id='word_1_270' title='bbox 699 3603 776 3672; x_wconf 85' lang='grc' dir='ltr'><strong><em>χιλὸν</em></strong></span> <span class='ocrx_word' id='word_1_271' title='bbox 791 3602 939 3669; x_wconf 56' lang='lat' dir='ltr'>senecaico</span> <span class='ocrx_word' id='word_1_272' title='bbox 954 3605 992 3668; x_wconf 77' lang='grc' dir='ltr'><strong><em>εἰς</em></strong></span> <span class='ocrx_word' id='word_1_273' title='bbox 1007 3607 1121 3677; x_wconf 85' lang='grc' dir='ltr'><strong><em>βρῶσιν·</em></strong></span> <span class='ocrx_word' id='word_1_274' title='bbox 1141 3603 1209 3675; x_wconf 80' lang='grc' dir='ltr'><strong><em>ὅπερ</em></strong></span> <span class='ocrx_word' id='word_1_275' title='bbox 1229 3606 1326 3676; x_wconf 79' lang='grc' dir='ltr'><strong><em>ἄλιμον</em></strong></span> 
     </span>
     <span class='ocr_line' id='line_1_33' title="bbox 155 3689 1326 3763; baseline 0.002 -18"><span class='ocrx_word' id='word_1_276' title='bbox 155 3696 304 3754; x_wconf 78' lang='grc' dir='ltr'><strong><em>καλοῦντες</em></strong></span> <span class='ocrx_word' id='word_1_277' title='bbox 317 3689 525 3761; x_wconf 77' lang='grc' dir='ltr'><strong><em>προσεφέροντο</em></strong></span> <span class='ocrx_word' id='word_1_278' title='bbox 541 3691 577 3753; x_wconf 84' lang='grc' dir='ltr'>ὡς</span> <span class='ocrx_word' id='word_1_279' title='bbox 590 3689 835 3760; x_wconf 81' lang='grc' dir='ltr'><strong><em>καὶἘτιμενίὸης.</em></strong></span> <span class='ocrx_word' id='word_1_280' title='bbox 856 3692 932 3757; x_wconf 85' lang='lat' dir='ltr'>Quae</span> <span class='ocrx_word' id='word_1_281' title='bbox 947 3695 976 3746; x_wconf 92' lang='lat' dir='ltr'>et</span> <span class='ocrx_word' id='word_1_282' title='bbox 990 3696 1122 3763; x_wconf 86' lang='lat' dir='ltr'>excerpta</span> <span class='ocrx_word' id='word_1_283' title='bbox 1136 3698 1242 3750; x_wconf 89' lang='lat' dir='ltr'>suntet</span> <span class='ocrx_word' id='word_1_284' title='bbox 1255 3693 1326 3748; x_wconf 87' lang='lat' dir='ltr'>male</span> 
     </span>
     <span class='ocr_line' id='line_1_34' title="bbox 156 3779 1324 3852; baseline 0 -17"><span class='ocrx_word' id='word_1_285' title='bbox 156 3781 278 3836; x_wconf 87' lang='lat' dir='ltr'>conflata</span> <span class='ocrx_word' id='word_1_286' title='bbox 296 3798 330 3835; x_wconf 88' lang='lat' dir='ltr'>ex</span> <span class='ocrx_word' id='word_1_287' title='bbox 344 3781 453 3834; x_wconf 90' lang='lat' dir='ltr'>duobus</span> <span class='ocrx_word' id='word_1_288' title='bbox 469 3779 583 3834; x_wconf 90' lang='lat' dir='ltr'>scholiis</span> <span class='ocrx_word' id='word_1_289' title='bbox 600 3782 637 3849; x_wconf 85' lang='lat' dir='ltr'>(p.</span> <span class='ocrx_word' id='word_1_290' title='bbox 653 3785 687 3833; x_wconf 88' lang='lat'>64</span> <span class='ocrx_word' id='word_1_291' title='bbox 701 3780 744 3834; x_wconf 90' lang='lat' dir='ltr'>ed.</span> <span class='ocrx_word' id='word_1_292' title='bbox 760 3779 857 3851; x_wconf 82' lang='lat' dir='ltr'>Gaisf.)</span> <span class='ocrx_word' id='word_1_293' title='bbox 872 3782 965 3835; x_wconf 87' lang='lat' dir='ltr'>Procli</span> <span class='ocrx_word' id='word_1_294' title='bbox 980 3785 1008 3836; x_wconf 90' lang='lat' dir='ltr'>et</span> <span class='ocrx_word' id='word_1_295' title='bbox 1022 3783 1125 3836; x_wconf 87' lang='lat' dir='ltr'>veteris</span> <span class='ocrx_word' id='word_1_296' title='bbox 1140 3782 1324 3852; x_wconf 74' lang='lat' dir='ltr'>grammatici.</span> 
     </span>
     <span class='ocr_line' id='line_1_35' title="bbox 155 3868 1029 3941; baseline 0.003 -18"><span class='ocrx_word' id='word_1_297' title='bbox 155 3869 289 3925; x_wconf 87' lang='lat' dir='ltr'>Potuitne</span> <span class='ocrx_word' id='word_1_298' title='bbox 307 3871 361 3925; x_wconf 94' lang='lat' dir='ltr'>hoc</span> <span class='ocrx_word' id='word_1_299' title='bbox 379 3868 448 3938; x_wconf 90' lang='lat' dir='ltr'>fieri,</span> <span class='ocrx_word' id='word_1_300' title='bbox 467 3868 492 3922; x_wconf 89' lang='lat' dir='ltr'>si</span> <span class='ocrx_word' id='word_1_301' title='bbox 510 3868 615 3937; x_wconf 91' lang='lat' dir='ltr'>ubique</span> <span class='ocrx_word' id='word_1_302' title='bbox 633 3868 749 3922; x_wconf 90' lang='lat' dir='ltr'>nomina</span> <span class='ocrx_word' id='word_1_303' title='bbox 768 3872 849 3924; x_wconf 90' lang='lat' dir='ltr'>erant</span> <span class='ocrx_word' id='word_1_304' title='bbox 868 3871 1029 3941; x_wconf 81' lang='lat' dir='ltr'>adscripta?</span> 
     </span>
    </p>

    <p class='ocr_par' dir='ltr' id='par_1_6' title="bbox 154 3958 1327 4457">
     <span class='ocr_line' id='line_1_36' title="bbox 245 3958 1326 4031; baseline 0.001 -20"><span class='ocrx_word' id='word_1_305' title='bbox 245 3961 271 4027; x_wconf 78' lang='lat'>2)</span> <span class='ocrx_word' id='word_1_306' title='bbox 290 3958 339 4013; x_wconf 84' lang='lat' dir='ltr'>Ex.</span> <span class='ocrx_word' id='word_1_307' title='bbox 364 3977 404 4029; x_wconf 81' lang='lat' dir='ltr'>gr.</span> <span class='ocrx_word' id='word_1_308' title='bbox 428 3958 520 4013; x_wconf 89' lang='lat' dir='ltr'>Procli</span> <span class='ocrx_word' id='word_1_309' title='bbox 544 3959 581 4012; x_wconf 91' lang='lat' dir='ltr'>ad</span> <span class='ocrx_word' id='word_1_310' title='bbox 603 3977 629 4013; x_wconf 79' lang='lat' dir='ltr'>v.</span> <span class='ocrx_word' id='word_1_311' title='bbox 649 3963 701 4012; x_wconf 79' lang='lat'>605</span> <span class='ocrx_word' id='word_1_312' title='bbox 725 3958 755 4012; x_wconf 90' lang='lat' dir='ltr'>in</span> <span class='ocrx_word' id='word_1_313' title='bbox 778 3959 869 4030; x_wconf 83' lang='lat' dir='ltr'>Etym.</span> <span class='ocrx_word' id='word_1_314' title='bbox 894 3961 998 4031; x_wconf 80' lang='lat' dir='ltr'>Magno</span> <span class='ocrx_word' id='word_1_315' title='bbox 1021 3979 1048 4030; x_wconf 90' lang='lat' dir='ltr'>p.</span> <span class='ocrx_word' id='word_1_316' title='bbox 1069 3967 1135 4028; x_wconf 78' lang='lat'>429,</span> <span class='ocrx_word' id='word_1_317' title='bbox 1150 3966 1197 4029; x_wconf 76' lang='lat'>37,</span> <span class='ocrx_word' id='word_1_318' title='bbox 1225 3958 1326 4015; x_wconf 87' lang='lat' dir='ltr'>veteris</span> 
     </span>
     <span class='ocr_line' id='line_1_37' title="bbox 155 4045 1327 4119; baseline 0.003 -20"><span class='ocrx_word' id='word_1_319' title='bbox 155 4045 317 4116; x_wconf 89' lang='lat' dir='ltr'>interpretis</span> <span class='ocrx_word' id='word_1_320' title='bbox 341 4048 378 4102; x_wconf 89' lang='lat' dir='ltr'>ad</span> <span class='ocrx_word' id='word_1_321' title='bbox 400 4067 425 4103; x_wconf 88' lang='lat' dir='ltr'>v.</span> <span class='ocrx_word' id='word_1_322' title='bbox 447 4054 497 4103; x_wconf 77' lang='lat'>740</span> <span class='ocrx_word' id='word_1_323' title='bbox 520 4047 550 4100; x_wconf 91' lang='lat' dir='ltr'>in</span> <span class='ocrx_word' id='word_1_324' title='bbox 572 4048 664 4116; x_wconf 81' lang='lat' dir='ltr'>Etym.</span> <span class='ocrx_word' id='word_1_325' title='bbox 688 4047 792 4118; x_wconf 81' lang='lat' dir='ltr'>Magno</span> <span class='ocrx_word' id='word_1_326' title='bbox 811 4068 837 4119; x_wconf 91' lang='lat' dir='ltr'>p.</span> <span class='ocrx_word' id='word_1_327' title='bbox 859 4055 923 4117; x_wconf 77' lang='lat'>127,</span> <span class='ocrx_word' id='word_1_328' title='bbox 938 4056 984 4117; x_wconf 78' lang='lat'>393</span> <span class='ocrx_word' id='word_1_329' title='bbox 1011 4049 1104 4105; x_wconf 90' lang='lat' dir='ltr'>Procli</span> <span class='ocrx_word' id='word_1_330' title='bbox 1128 4050 1164 4104; x_wconf 89' lang='lat' dir='ltr'>ad</span> <span class='ocrx_word' id='word_1_331' title='bbox 1182 4068 1209 4105; x_wconf 87' lang='lat' dir='ltr'>v.</span> <span class='ocrx_word' id='word_1_332' title='bbox 1228 4055 1280 4105; x_wconf 79' lang='lat'>508</span> <span class='ocrx_word' id='word_1_333' title='bbox 1298 4049 1327 4102; x_wconf 90' lang='lat' dir='ltr'>in</span> 
     </span>
     <span class='ocr_line' id='line_1_38' title="bbox 155 4135 1326 4206; baseline 0.003 -18"><span class='ocrx_word' id='word_1_334' title='bbox 155 4135 246 4203; x_wconf 82' lang='lat' dir='ltr'>Etym.</span> <span class='ocrx_word' id='word_1_335' title='bbox 271 4135 433 4191; x_wconf 86' lang='lat' dir='ltr'>Florentino</span> <span class='ocrx_word' id='word_1_336' title='bbox 452 4155 479 4206; x_wconf 88' lang='lat' dir='ltr'>p.</span> <span class='ocrx_word' id='word_1_337' title='bbox 496 4142 561 4206; x_wconf 76' lang='lat'>221,</span> <span class='ocrx_word' id='word_1_338' title='bbox 585 4137 764 4206; x_wconf 85' lang='lat' dir='ltr'>grammatici</span> <span class='ocrx_word' id='word_1_339' title='bbox 787 4138 890 4192; x_wconf 88' lang='lat' dir='ltr'>veteris</span> <span class='ocrx_word' id='word_1_340' title='bbox 914 4139 950 4192; x_wconf 88' lang='lat' dir='ltr'>ad</span> <span class='ocrx_word' id='word_1_341' title='bbox 969 4156 994 4192; x_wconf 89' lang='lat' dir='ltr'>v.</span> <span class='ocrx_word' id='word_1_342' title='bbox 1016 4144 1068 4193; x_wconf 79' lang='lat'>744</span> <span class='ocrx_word' id='word_1_343' title='bbox 1091 4139 1189 4193; x_wconf 91' lang='lat' dir='ltr'>eodem</span> <span class='ocrx_word' id='word_1_344' title='bbox 1207 4138 1237 4192; x_wconf 93' lang='lat' dir='ltr'>in</span> <span class='ocrx_word' id='word_1_345' title='bbox 1256 4139 1326 4192; x_wconf 86' lang='lat' dir='ltr'>libro</span> 
     </span>
     <span class='ocr_line' id='line_1_39' title="bbox 154 4223 1327 4297; baseline 0.003 -23"><span class='ocrx_word' id='word_1_346' title='bbox 154 4241 182 4292; x_wconf 89' lang='lat' dir='ltr'>p.</span> <span class='ocrx_word' id='word_1_347' title='bbox 198 4229 263 4291; x_wconf 78' lang='lat'>2243</span> <span class='ocrx_word' id='word_1_348' title='bbox 282 4223 374 4277; x_wconf 90' lang='lat' dir='ltr'>Procli</span> <span class='ocrx_word' id='word_1_349' title='bbox 393 4224 468 4279; x_wconf 90' lang='lat' dir='ltr'>adv.</span> <span class='ocrx_word' id='word_1_350' title='bbox 484 4231 535 4280; x_wconf 87' lang='grc'>411</span> <span class='ocrx_word' id='word_1_351' title='bbox 551 4224 581 4279; x_wconf 91' lang='lat' dir='ltr'>in</span> <span class='ocrx_word' id='word_1_352' title='bbox 594 4225 779 4280; x_wconf 85' lang='lat' dir='ltr'>Ps-Zonarae</span> <span class='ocrx_word' id='word_1_353' title='bbox 793 4225 883 4281; x_wconf 90' lang='lat' dir='ltr'>lexico</span> <span class='ocrx_word' id='word_1_354' title='bbox 897 4244 924 4295; x_wconf 91' lang='lat' dir='ltr'>p.</span> <span class='ocrx_word' id='word_1_355' title='bbox 941 4232 1019 4295; x_wconf 76' lang='lat'>1155,</span> <span class='ocrx_word' id='word_1_356' title='bbox 1033 4226 1136 4281; x_wconf 87' lang='lat' dir='ltr'>veteris</span> <span class='ocrx_word' id='word_1_357' title='bbox 1150 4225 1327 4297; x_wconf 82' lang='lat' dir='ltr'>grammatici</span> 
     </span>
     <span class='ocr_line' id='line_1_40' title="bbox 156 4312 1326 4384; baseline 0 -16"><span class='ocrx_word' id='word_1_358' title='bbox 156 4313 193 4368; x_wconf 86' lang='lat' dir='ltr'>ad</span> <span class='ocrx_word' id='word_1_359' title='bbox 216 4331 242 4368; x_wconf 85' lang='lat' dir='ltr'>v.</span> <span class='ocrx_word' id='word_1_360' title='bbox 263 4318 327 4383; x_wconf 85' lang='lat'>106,</span> <span class='ocrx_word' id='word_1_361' title='bbox 350 4312 458 4368; x_wconf 90' lang='lat' dir='ltr'>ibidem</span> <span class='ocrx_word' id='word_1_362' title='bbox 474 4333 501 4384; x_wconf 94' lang='lat' dir='ltr'>p.</span> <span class='ocrx_word' id='word_1_363' title='bbox 522 4320 582 4370; x_wconf 77' lang='lat'>670.</span> <span class='ocrx_word' id='word_1_364' title='bbox 629 4314 721 4368; x_wconf 91' lang='lat' dir='ltr'>Multa</span> <span class='ocrx_word' id='word_1_365' title='bbox 741 4313 771 4367; x_wconf 90' lang='lat' dir='ltr'>id</span> <span class='ocrx_word' id='word_1_366' title='bbox 790 4331 878 4384; x_wconf 85' lang='lat' dir='ltr'>genus</span> <span class='ocrx_word' id='word_1_367' title='bbox 904 4314 974 4384; x_wconf 85' lang='lat' dir='ltr'>alia,</span> <span class='ocrx_word' id='word_1_368' title='bbox 999 4315 1034 4369; x_wconf 90' lang='lat' dir='ltr'>de</span> <span class='ocrx_word' id='word_1_369' title='bbox 1060 4315 1161 4384; x_wconf 86' lang='lat' dir='ltr'>quibus</span> <span class='ocrx_word' id='word_1_370' title='bbox 1186 4315 1261 4371; x_wconf 85' lang='lat' dir='ltr'>infra</span> <span class='ocrx_word' id='word_1_371' title='bbox 1286 4313 1326 4370; x_wconf 89' lang='lat' dir='ltr'>di·</span> 
     </span>
     <span class='ocr_line' id='line_1_41' title="bbox 156 4402 344 4457; baseline 0.005 -1"><span class='ocrx_word' id='word_1_372' title='bbox 156 4402 275 4457; x_wconf 89' lang='lat' dir='ltr'>cendum</span> <span class='ocrx_word' id='word_1_373' title='bbox 293 4405 344 4457; x_wconf 90' lang='lat' dir='ltr'>est.</span> 
     </span>
    </p>
   </div>
   <div class='ocr_carea' id='block_1_5' title="bbox 0 0 1496 4980">
    <p class='ocr_par' dir='ltr' id='par_1_7' title="bbox 0 0 1496 4980">
     <span class='ocr_line' id='line_1_42' title="bbox 0 0 1496 4980; baseline 0 0"><span class='ocrx_word' id='word_1_374' title='bbox 0 0 1496 4980; x_wconf 95' lang='lat' dir='ltr'> </span> 
     </span>
    </p>
   </div>
  </div>
 </body>
</html>
