2970 4980
496 345 538 399 De
558 344 680 416 Operum
699 346 789 400 altera
806 346 976 404 recensione.
1259 350 1324 415 229

240 530 268 571 v.
288 507 353 572 303
377 510 461 595 τῷδε
478 560 484 573 .
500 560 506 573 .
522 559 529 574 .
546 519 721 594 νεμεσοῦσι
739 561 745 575 .
761 560 768 573 .
783 561 812 577 ..
830 511 920 589 ὅστις
943 509 1112 578 Stobaeus.

241 636 270 678 v.
289 614 355 679 304
380 620 487 693 ἴκελος
510 616 615 702 ὀργήν
637 616 760 682 scholia
782 615 1010 705 Alexandrina,
1033 618 1199 686 Stobseus.

120 725 123 729 ’
242 743 271 785 v.
291 719 356 785 305
367 743 413 806 sq.
434 721 581 806 κάματον
599 723 762 806 νήποινον
781 725 917 790 ἔδουσιν
937 728 942 805 l
962 727 1138 813 τρύχοντες
1157 726 1323 793 Stobaeus.

241 850 268 891 v.
288 826 353 891 309
378 827 593 915 ἐργαζόμενος
615 832 702 895 πολὺ
725 832 878 916 φίλτερος
900 830 992 897 idem.

240 957 268 999 v.
289 935 355 998 310
378 935 466 1000 deest
490 934 575 1019 apud
598 935 742 1002 cundem.

241 1064 269 1106 v.
289 1042 353 1105 347
378 1042 415 1120 ὅς
439 1036 470 1107 κ’
496 1044 617 1129 ἔμμορε
641 1042 734 1107 idem.

242 1171 270 1213 v.
290 1149 355 1213 368
379 1147 566 1234 ἀρχομένου
589 1145 626 1215 δὲ
648 1152 755 1215 πίθου
777 1148 977 1216 Plutarchus.

242 1279 270 1321 v.
291 1256 356 1321 376
380 1256 478 1335 σώζοι
501 1277 560 1340 pro
584 1261 634 1340 εἴη
658 1254 742 1321 idem
765 1256 800 1320 in
823 1278 935 1322 comm.

241 1387 269 1428 v.
288 1363 352 1428 377
378 1362 466 1427 deest
489 1362 576 1446 apud
598 1363 742 1427 eundem.

157 1487 159 1490 ⁴
241 1492 269 1535 v.
289 1469 355 1535 394
377 1471 417 1534 τὰ
440 1466 554 1554 μέταζε
576 1468 789 1535 Herodianus.

240 1599 268 1641 v.
287 1576 353 1640 406
386 1575 475 1641 deest
509 1576 594 1660 apud
624 1574 835 1642 Aristotelem
866 1582 899 1643 ct
931 1578 1016 1662 apud
1047 1578 1255 1645 Plutarchum
1287 1582 1323 1646 in

151 1683 391 1748 commentario.

239 1814 268 1856 v.
286 1790 352 1855 426
376 1791 458 1870 ἄψιν
479 1788 693 1876 Herodianus,
717 1790 815 1856 schol.
838 1791 1063 1858 Alexandrina.

240 1921 269 1963 v.
288 1896 354 1962 525
377 1894 433 1961 καὶ
457 1897 494 1962 ἐν
516 1898 614 1980 ἤθεσι
637 1897 841 1964 Plutarchus.

240 2028 268 2070 v.
290 2004 354 2069 700
378 2005 467 2071 deest
490 2005 575 2090 apud
599 2005 782 2071 Stobseum.

239 2134 267 2176 v.
289 2111 353 2176 704
377 2113 595 2195 δειπνολόχου
619 2113 717 2178 schol.
741 2112 969 2202 Alexandrina,
992 2115 1160 2183 Stobaeus.

238 2241 267 2282 v.
287 2215 351 2282 705
376 2217 413 2284 ἐν
436 2218 513 2306 ὠμῷ
536 2218 638 2302 γήρυϊ
658 2226 765 2303 θῆκεν
786 2220 989 2307 Plutarchus,
1013 2222 1180 2289 Stobaeus.

237 2348 266 2390 v.
287 2324 350 2389 735
375 2326 553 2410 δυστήνοιο
576 2324 781 2391 Plutarchus,

238 2455 267 2497 v.
288 2431 418 2496 794-7
422 2432 463 2495 97
487 2431 604 2496 desunt
627 2432 712 2516 apud
733 2432 944 2499 Plutarchum
965 2436 1001 2500 iu
1024 2438 1263 2502 commentario.

239 2537 358 2603 Omnes
388 2560 475 2625 vere,
507 2560 588 2622 quos
619 2539 712 2603 licuit
744 2539 898 2605 advocare
929 2545 1029 2607 testes
1057 2543 1190 2609 alterius
1217 2566 1321 2610 recen-

149 2645 263 2731 sionis,
296 2645 523 2730 grsvissimum
551 2649 600 2710 est
627 2645 713 2710 inter
740 2667 774 2710 se
801 2647 984 2731 conspirare
1011 2648 1071 2733 ita,
1098 2653 1136 2714 ut
1162 2671 1321 2734 nusquam

150 2753 282 2817 alterius
314 2753 417 2818 ullum
449 2751 672 2817 testimonium
699 2757 821 2839 pugnet
848 2775 921 2819 cum
948 2755 1144 2820 testimoniis
1171 2757 1321 2843 aliorum3

149 2859 189 2923 ad
217 2881 318 2924 unum
346 2880 457 2924 omnes
486 2881 612 2943 semper
635 2863 692 2924 aut
714 2859 838 2925 faciunt
861 2882 933 2925 cum
955 2861 1049 2927 libris
1072 2861 1241 2929 Hesiodeis
1265 2869 1321 2929 aut
1380 2918 1383 2924 .

148 2970 303 3051 pugnant.
344 2965 611 3031 Manifestissimo
635 2966 736 3052 igitur
759 2966 862 3032 elucet
886 2988 996 3033 omnes
1021 2969 1214 3054 exemplaria
1237 2970 1318 3035 eius-

147 3073 219 3138 dem
243 3073 393 3138 editionis
417 3074 559 3138 tenuisse
582 3073 743 3140 manibus.
784 3073 871 3150 Quae
894 3076 1025 3153 ἔνδοσις
1047 3097 1119 3140 cum
1141 3077 1319 3162 permultas

148 3180 231 3267 illas,
254 3203 335 3265 quas
359 3181 556 3266 collegimus,
579 3180 685 3245 varias
708 3179 863 3245 lectiones
883 3181 1074 3269 exhibuerit,
1096 3205 1178 3267 quse
1197 3183 1319 3249 alienae

149 3294 225 3352 sunt
243 3311 262 3352 a
280 3289 422 3374 vulgata,
443 3288 623 3352 necessario
643 3287 789 3352 ducimur
807 3287 847 3352 ad
865 3289 1081 3354 recensionem
1100 3290 1234 3356 alteram
1252 3291 1320 3356 vul-

147 3398 241 3481 gatae
264 3394 522 3460 dissimillimam.

236 3498 337 3566 Cuius
364 3501 559 3567 recensionis
587 3501 719 3567 alterius
746 3505 873 3567 textum
898 3503 1048 3568 novimus
1074 3526 1226 3570 versuum
1254 3507 1317 3570 201
1459 3561 1462 3565 .

147 3606 193 3696 (5,
226 3608 278 3693 11,
308 3608 450 3693 21-26,
481 3607 624 3693 40-42,
656 3609 709 3693 45,
740 3609 794 3691 46,
825 3609 878 3694 48,
905 3608 1048 3696 53-82,
1076 3611 1127 3695 86,
1156 3611 1319 3698 94-104,

150 3713 334 3800 111-125,
367 3715 441 3800 141,
475 3715 659 3800 174-182,
693 3715 879 3803 190-196,
911 3717 1085 3782 210-221
1116 3715 1170 3805 (ex
1201 3717 1319 3806 parte),

148 3822 223 3906 234,
246 3820 321 3908 235,
343 3821 530 3906 240-247,
554 3819 629 3907 252,
651 3821 726 3906 253,
750 3821 936 3908 256-259,
960 3823 1033 3909 265,
1057 3825 1132 3912 266,
1150 3823 1226 3910 270,
1244 3827 1319 3912 272,

147 3928 335 4015 276-279,
371 3929 557 4013 286-297,
588 3927 775 4014 303-305,
807 3928 993 4016 308-313,
1026 3931 1213 4018 317-320,
1244 3933 1320 4019 342,

147 4036 334 4120 346-348,
357 4035 433 4119 352,
457 4033 644 4120 356-362,
665 4034 739 4121 368,
758 4035 833 4120 370,
852 4035 927 4120 371,
946 4036 1133 4124 373-375,
1151 4038 1226 4123 377,
1245 4038 1320 4124 378,

147 4141 223 4229 394,
249 4141 324 4227 406,
346 4142 422 4226 410,
445 4141 520 4227 411,
543 4142 619 4226 426,
641 4141 717 4226 493,
739 4141 927 4227 498-501,
949 4141 1024 4230 519,
1046 4143 1123 4229 525,
1145 4142 1221 4230 595,
1243 4145 1318 4231 643,

147 4249 222 4329 686,
255 4246 451 4332 695-699,
483 4249 676 4333 701-707,
709 4249 784 4334 717,
817 4250 891 4334 718,
919 4248 994 4335 735,
1021 4250 1096 4335 736,
1124 4250 1318 4338 742-744,

147 4356 221 4440 748,
249 4356 324 4442 763,
352 4355 426 4441 764,
454 4356 527 4441 770,
557 4355 762 4442 let-797),
793 4355 828 4419 in
855 4356 907 4420 his
933 4356 1047 4422 insunt
1074 4356 1118 4422 52
1145 4358 1318 4424 varietates

149 4463 245 4527 modo
273 4463 408 4528 minoris
436 4463 532 4528 modo
559 4463 690 4528 maioris
717 4464 887 4549 momenti3
916 4463 955 4527 17
984 4485 1095 4528 versus
1118 4467 1227 4530 textus
1250 4466 1318 4530 vul-
