2970 4980
623 317 736 374 Scholia
753 318 853 374 Procli.
1281 320 1322 383 51

151 480 294 546 nominis
326 479 461 544 Hesiodi
493 484 659 545 tractatur.
709 480 823 546 Proclo
856 481 938 545 hanc
971 481 1012 545 ob
1045 502 1173 545 causam
1205 485 1237 544 et
1269 481 1325 545 illa

153 585 346 651 tribuamus.
384 585 472 662 Quae
494 586 568 650 inde
591 611 610 652 a
632 588 729 653 verbo
755 586 865 653 ίστέον
885 585 927 675 (p.
947 587 978 673 4,
997 584 1031 674 8)
1051 609 1152 671 usque
1171 586 1209 650 ad
1228 585 1326 670 γένος

155 694 309 758 Ησιόδου
341 693 508 780 leguntur,
541 698 625 759 certe
658 699 733 760 sunt
765 695 883 760 veteris
910 695 1111 779 interpretis,
1143 716 1218 758 nam
1246 698 1278 757 et
1306 717 1325 759 a

152 799 390 886 prolegomenis
413 800 592 865 Taetzianis
619 801 809 887 longissime
836 801 1025 886 abhorrent,
1052 805 1084 865 et
1112 800 1253 865 alienum
1276 805 1324 866 est

153 911 380 992 argumentum
407 929 426 971 a
449 907 577 993 Proclo,
606 909 661 992 qui
687 908 720 973 id
743 910 811 993 ipse
836 932 854 973 a
877 931 911 973 se
932 908 1115 993 neglectum
1138 929 1206 972 esse
1229 908 1323 972 initio

152 1013 317 1078 confessus
342 1014 393 1079 sit.

242 1120 306 1186 Tot
291 1124 363 1186 tum
376 1119 473 1204 μένος
482 1120 642 1188 Ησιόδου
656 1122 733 1187 'laet
718 1126 788 1187 tuae
803 1144 870 1187 esse
884 1122 1033 1186 manifest
1019 1125 1089 1185 tum
1103 1125 1152 1185 est
1151 1122 1325 1207 ,quamvis

152 1248 288 1313 magnae
318 1227 379 1292 hac
411 1228 449 1292 de
481 1252 516 1293 re
547 1229 734 1294 fuerintin
699 1234 784 1293 mter
816 1229 903 1294 viros
936 1228 1047 1294 doctos
1082 1232 1156 1293 cont
1157 1229 1324 1294 roversiae

152 1333 286 1398 Etenim
318 1332 949 1422 postLobeokium1),Welcke1-um2‚)
980 1333 1256 1423 Prellerum3)t0
1237 1340 1325 1400 ctam

151 1441 254 1504 vitam
277 1463 295 1504 a
315 1439 429 1504 Proclo
454 1439 648 1505 abiudicavit
670 1441 794 1524 primus
817 1438 1006 1528 Rankius4),
1028 1445 1098 1505 tum
1116 1439 1268 1530 Rosius⁵)
1293 1447 1324 1507 et

151 1544 353 1634 Bergkius.⁶)
405 1545 467 1622 Qui
499 1551 607 1611 tamen
635 1552 821 1612 erraverunt
848 1547 883 1610 in
910 1568 961 1632 eo,
994 1546 1079 1630 quod
1106 1548 1242 1612 nimium
1269 1549 1326 1613 tri·

152 1654 288 1719 buerent
310 1653 363 1718 his
382 1653 559 1718 Tzatzianis
582 1654 689 1718 verbis
710 1651 753 1743 (p.
775 1654 817 1718 10
828 1651 903 1741 sq.):
927 1654 945 1719 ὁ
965 1649 1026 1738 μέν
1049 1655 1153 1737 σοφὸς
1172 1657 1325 1741 Πρόκλος

153 1759 412 1846 έπεξηγούμενος
434 1761 495 1843 την
517 1770 691 1845 παροῦσαν
714 1764 833 1846 βίβλον
848 1813 854 1826 .
871 1813 877 1824 .
894 1771 1026 1847 ,πρῶτα
1045 1758 1188 1847 μὲνγὰρ
1208 1760 1325 1846 ἐχρῆν

153 1868 355 1954 διαίρεσιν
393 1868 517 1951 φάναι
549 1879 626 1933 τῶν
657 1879 831 1951 ποιητῶν
862 1865 926 1932 καὶ
958 1872 1046 1934 τίνοι
1077 1869 1228 1934 τούτων
1260 1893 1324 1952 χα-

153 1977 447 2061 ρακτηρίσματα
474 1971 530 2039 καὶ
557 1977 645 2052 τίνες
672 1976 800 2040 τούτων
826 1975 861 2039 οί
885 1978 1088 2061 περιβοητοί·
1127 1977 1259 2040 έπειτα
1282 1977 1324 2040 τὸ

153 2080 267 2163 μένος
291 2083 421 2146 εἰπεῖν
444 2090 512 2147 τοῦ
535 2079 798 2167 προκειμένου
822 2084 918 2167 πρὸς
941 2082 1010 2164 την
1039 2080 1240 2165 ἐξήγησιν,
1269 2080 1324 2146 καὶ

152 2192 219 2253 τίνι
238 2190 427 2274 συνηκμασε
445 2186 500 2252 καί
518 2190 623 2264 πόσας
641 2191 779 2272 βίβλους
798 2186 1027 2272 έξεπονησατο,
1044 2197 1111 2253 ποῦ
1124 2211 1159 2252 τε
1172 2186 1227 2253 καί
1240 2191 1324 2278 ποίῳ

153 2298 264 2384 τρόπῳ
292 2297 351 2360 τὸν
374 2298 450 2380 βίον
473 2292 664 2360 κατέλυσεν·
698 2290 768 2360 εἶτα
791 2295 852 2377 την
874 2298 993 2380 βίβλον
1015 2296 1136 2359 τούτου
1159 2317 1325 2381 προχειρι-

153 2403 308 2489 σάμενον,
330 2413 486 2489 πρῶτον
509 2397 579 2486 μὲν
602 2401 772 2486 ἀκριβῶς
794 2403 863 2467 τὸν
884 2401 1004 2467 αὐτοῦ
1023 2401 1146 2485 φάναι
1165 2405 1324 2467 σκοπόν·

153 2507 324 2594 μετέπειτα
352 2505 389 2574 δὲ
416 2506 471 2573 καὶ
498 2509 556 2586 τάς
582 2510 727 2594 μυθικὰς
755 2510 901 2593 ίστορίας
923 2510 976 2586 ἐίς
1001 2508 1139 2592 πλάτος,
1172 2503 1241 2573 εἶτα
1269 2505 1325 2573 καὶ

152 2617 274 2694 ταύτας
292 2616 528 2702 άλλημορησαι,
548 2612 604 2680 καὶ
623 2613 725 2702 μέτρα
742 2613 798 2680 καὶ
816 2617 856 2680 τά
880 2616 979 2682 λοιπά
997 2625 1065 2680 τῶν
1083 2615 1324 2699 ἀναγκαίων...

153 2723 171 2788 ὁ
195 2719 236 2788 δὲ
259 2719 377 2789 οὐδὲν
401 2723 550 2788 τούτων
572 2724 808 2807 πεποιηκώς,
831 2722 1130 2808 άπροδιημητως
1152 2720 1216 2786 καί
1240 2721 1325 2786 ἀκε-

153 2830 285 2914 φάλοις
306 2828 362 2894 καὶ
387 2830 495 2915 ὥσπερ
520 2828 553 2907 ἐξ
577 2828 757 2916 ἐπιδρομῆς
778 2827 833 2894 καὶ
858 2829 999 2914 ἐφόδου,
1024 2827 1080 2894 καὶ
1102 2829 1223 2910 ταύτης
1245 2844 1325 2910 συγ-

152 2934 345 3021 κεχυμένης,
368 2935 570 3022 προσβάλλει
592 2938 676 3022 πρὸς
698 2937 759 3019 την
779 2937 952 3002 ὑπόθεσιν.
990 2933 1199 3000 Concluditur
1218 2939 1325 2998 autem

152 3042 226 3106 inde
252 3041 315 3106 hoc
342 3044 484 3127 tantum,
512 3041 688 3106 'lacteam
715 3064 782 3107 non
808 3042 926 3127 legisse
951 3041 1051 3106 vitam
1075 3064 1093 3105 a
1115 3041 1229 3106 Proclo
1253 3063 1326 3106 con-

153 3148 316 3234 scriptam,
335 3148 420 3232 quod
439 3170 511 3213 cum
530 3149 595 3212 iam
612 3170 679 3213 non
692 3149 877 3234 ignoremus
892 3169 964 3211 eum
978 3168 1045 3211 non
1058 3148 1204 3233 integros
1217 3146 1324 3212 Procli

153 3255 410 3340 commentarios,
436 3255 491 3319 sed
513 3259 641 3319 tantum
664 3254 862 3320 scholiorum
879 3253 1083 3319 collectiones
1101 3255 1263 3341 habuisse,
1286 3255 1326 3319 ad

153 3364 261 3448 ipsum
292 3361 443 3426 Proclum
476 3361 559 3426 nihil
592 3362 716 3426 attinet.
768 3359 890 3426 Contra
922 3361 1059 3426 alterum
1092 3365 1325 3447 argumentum,

154 3469 240 3554 quod
274 3468 337 3534 viri
370 3468 455 3533 docti
488 3468 579 3553 quasi
612 3469 827 3553 supplementi
860 3490 956 3533 causa
988 3472 1020 3533 et
1051 3468 1117 3532 fere
1144 3468 1325 3532 diffidentes

152 3579 341 3663 posuerunt,
360 3576 586 3661 gravissimum
603 3575 685 3640 mihi
703 3575 842 3641 videtur:
860 3576 961 3640 vitam
981 3597 1062 3659 quae
1079 3575 1201 3639 feratur
1219 3573 1325 3638 Procli

155 3684 353 3748 simillimam
381 3684 411 3747 ei
438 3705 519 3769 esse,
551 3706 647 3767 quam
674 3683 821 3748 Tzetnam
850 3682 1078 3767 conscripsisse
1106 3684 1233 3745 constat
1259 3702 1326 3745 non

154 3791 260 3877 modo,
285 3790 371 3876 quod
392 3811 510 3854 nomen
533 3791 601 3854 eius
624 3790 709 3855 inest
727 3791 760 3854 in
780 3790 943 3856 codicibus
961 3789 1118 3854 Vaticano
1140 3791 1172 3852 et
1190 3786 1325 3872 Venet0,

244 4004 271 4071 1)
290 4001 507 4071 Aglaopham.l
524 4020 551 4071 p
567 4007 618 4056 326
629 4019 669 4070 sq

244 4094 271 4161 2)
288 4091 345 4145 Der
364 4089 476 4159 epische
495 4090 595 4161 Cyclus
613 4091 640 4144 1²
657 4109 684 4160 p
700 4097 787 4159 3sqq.

244 4183 271 4250 3)
289 4179 456 4250 Allgemein.
475 4180 600 4236 Hallenr.
620 4179 766 4249 Litterztg.
787 4184 901 4248 1837p.
918 4184 968 4232 112
979 4196 1039 4247 sqq

243 4271 273 4340 4)
291 4268 332 4323 De
350 4268 467 4323 Hesiodi
487 4269 567 4338 Oper.
588 4271 616 4324 et
603 4269 713 4324 tDieb
734 4268 1170 4337 commentat101840p.4sqq.

244 4361 272 4428 )
244 4357 368 4412 Ans
369 4358 435 4412 otel
453 4358 648 4428 pseudoepigr.
667 4376 694 4428 p.
709 4363 761 4412 508
771 4375 831 4426 sqq

244 4447 443 4521 6)Littgesch.
462 4448 550 4503 1918.
569 4447 647 4504 Poet.
666 4447 717 4517 lyr.
736 4463 827 4517 graec.
847 4447 917 4517 I⁴p.
933 4453 985 4502 479
1004 4446 1100 4501 adnot.
1120 4445 1168 4516 (11⁴
1182 4447 1252 4516 341).

1077 4535 1113 4590 4*
