2970 4980
330 320 372 376 De
391 321 526 392 amphora
545 321 614 376 olim
632 321 742 378 Veteris
760 322 924 392 Inteipretis
944 323 1152 380 commeniario.
1284 326 1328 390 33

152 484 262 549 verbis
285 489 449 550 exaratam
467 485 605 570 legimus
624 485 659 549 in
676 486 785 551 codice
799 485 960 551 Vossiano
979 486 1199 572 Etymologici
1216 487 1328 573 Magni

153 588 199 678 (p.
218 589 277 678 58,
295 591 338 658 23
367 613 440 656 cum
466 589 568 679 noia).
613 591 715 657 Porro
743 592 783 657 ad
811 616 839 658 v.
865 592 929 658 740
952 589 996 681 (p.
1020 592 1101 682 401)
1129 595 1266 679 legimus
1293 595 1328 658 in

153 697 382 784 Etymologico
410 697 530 784 Magno
555 696 788 787 (p.127‚39):
821 699 893 766 ἀπὸ
921 704 1140 780 πεντόζοιο·
1172 700 1328 778 Ἡσίοδος

153 803 342 893 (laudanlur
379 805 441 870 duo
478 803 618 893 versus)·
655 806 880 884 πεντάκλαόος
912 807 931 890 ἡ
963 811 1048 893 χείρ·
1086 808 1129 892 μὴ
1162 809 1328 892 όνυχίσγς,

153 916 274 996 φησίν,
308 911 344 977 ἐν
375 911 471 999 ἑορτῇ
500 913 601 998 ξηρὸν
628 916 740 998 όνυχα.
786 916 917 999 χλωρὸν
945 910 982 979 δὲ
1009 916 1046 980 τὸ
1075 916 1211 992 ζωτικὸν
1239 906 1328 998 αἷμα.

153 1015 270 1104 ἀσεβὲς
291 1019 354 1104 γάρ
374 1019 587 1104 όνυχίζεσθαι
607 1020 643 1084 ἐν
662 1017 757 1105 ἑορτῇ
777 1026 876 1086 θεῶν.
914 1017 998 1085 Sunt
1016 1022 1125 1085 eadem
1144 1022 1178 1086 in
1198 1020 1328 1085 scholiis

154 1129 187 1189 el
210 1124 329 1189 eisdem
351 1125 459 1190 verbis
483 1148 640 1210 expressa.
678 1126 792 1210 Neque
815 1128 931 1192 desunt
955 1127 1108 1214 exempla,
1131 1128 1188 1192 ubi
1206 1129 1242 1192 in
1264 1128 1327 1192 alio

153 1232 245 1296 fonte
276 1233 370 1316 plura
403 1232 609 1320 exhibentur,
640 1234 679 1298 de
706 1234 824 1317 quibus
857 1257 930 1299 cum
962 1235 1046 1299 infra
1074 1236 1117 1299 sic
1147 1234 1328 1320 dicendum3

152 1360 240 1403 nuuc
261 1360 441 1424 proponam
464 1362 565 1404 unum
588 1340 769 1424 exemplum
788 1364 827 1406 ex
846 1341 1083 1428 EtymologieO,
1107 1341 1192 1425 quod
1210 1342 1328 1407 dicilur

153 1444 244 1529 μέγα.
282 1443 335 1511 Ad
357 1469 385 1511 v.
406 1446 459 1539 28ι
472 1445 516 1534 (p.
536 1444 616 1534 556)
641 1447 703 1512 duo
727 1451 804 1511 sunt
828 1448 949 1513 scholia
973 1449 1089 1512 veteris
1114 1449 1328 1532 grammalici:

153 1552 244 1636 prius
259 1552 428 1638 exscripsit
444 1553 483 1617 ad
496 1553 631 1618 verbum
646 1558 757 1619 auctor
771 1553 992 1639 Eltyniologici
1001 1553 1112 1640 Magni
1123 1552 1167 1641 (p.
1177 1555 1253 1641 484,
1259 1553 1328 1643 46),

154 1659 291 1723 alterum
316 1659 402 1744 quod
425 1664 474 1724 est
496 1660 623 1745 plenius
648 1664 794 1725 servatur
811 1661 847 1724 in
859 1660 976 1744 Etym„
1001 1661 1087 1745 quod
1105 1662 1221 1726 dicitur
1235 1661 1328 1748 μέγα,

154 1769 187 1830 et
215 1766 344 1850 quidem
371 1767 431 1832 ita:
463 1770 716 1852 κακόχαρτος·
750 1767 938 1852 ἀμφίβολον
967 1765 1166 1854 (ἀμφιβολία
1189 1766 1231 1856 Β)
1254 1770 1328 1852 ἤτοι

153 1874 217 1959 γὰρ
240 1873 261 1957 ἡ
286 1871 362 1960 (om.
386 1871 431 1961 A)
456 1871 508 1938 ἐπὶ
531 1886 645 1951 κακοῖς
668 1877 829 1959 χαίρουσα
853 1873 873 1956 ἢ
897 1872 950 1957 ἐφ’
978 1865 998 1959 ᾗ
1022 1876 1057 1940 oi
1077 1873 1170 1939 κακοὶ
1194 1880 1328 1960 χαίρου-

153 1997 219 2063 σιν,
236 1980 281 2057 ὡς
296 1978 399 2065 φησὶν
414 1978 491 2067 (oin.
505 1978 550 2068 Α)
566 1979 727 2057 Ἥσίοόος
746 1980 783 2045 ἐν
802 1983 912 2064 ἔργοις
929 1979 984 2045 καὶ
1003 1979 1151 2067 ἡμέραις·
1172 1978 1197 2047 ὦ
1213 1980 1327 2065 Πέρση

153 2089 196 2152 σὺ
219 2083 382 2152 δὲταῦτα
405 2097 467 2176 τεςό
495 2088 681 2171 συγκάτθεο
708 2093 806 2175 θυμῷ
826 2084 881 2174 (ab
906 2087 943 2152 έν
967 2091 1189 2174 έργ.-θυμῷ
1209 2111 1270 2154 om.
1285 2087 1326 2176 B)

153 2191 239 2277 μηδέ
261 2191 291 2258 σ’
313 2197 383 2279 ε”ρις
405 2197 606 2279 κακόχαρτος
625 2192 681 2258 ἀπ’
698 2197 799 2279 έργου
817 2194 931 2278 θυμὸν
950 2191 1046 2282 (quae
1070 2199 1258 2279 sequuntur,
1281 2196 1328 2259 in·

152 2299 326 2364 veniuntur
367 2304 494 2366 lanium
535 2301 571 2364 in
606 2298 651 2388 Α)
689 2300 916 2385 εὐρακοινείκη
954 2301 1168 2367 ὁππισπεόων
1204 2301 1328 2388 ἀγορῆς

154 2405 319 2473 ἐπακουὸν
342 2407 447 2473 ἐόντα.
493 2407 513 2491 ἡ
537 2407 619 2490 κακὴ
643 2411 832 2491 φιλονεικία
855 2409 899 2492 μή
922 2424 958 2473 σε
981 2409 1127 2491 κωλύσηι
1151 2406 1198 2472 ἐπ’
1227 2412 1327 2494 ἔργον

154 2516 202 2590 είς
224 2515 261 2580 τὸ
284 2514 544 2599 περιβλέπεσθαι
568 2518 775 2599 φιλονεικίας
796 2512 851 2579 καὶ
875 2515 1049 2599 ἀκροάσεις
1071 2515 1235 2599 ρημάπων.
1272 2520 1331 2581 καί

153 2637 259 2704 φησιν
280 2627 427 2687 πλοῦτον
450 2620 486 2686 έν
509 2631 554 2709 τῷ
578 2627 658 2710 οίκφ
682 2621 784 2687 αὐτὸν
808 2622 935 2705 ὀφείλει
953 2617 1032 2686 ποτὲ
1051 2617 1112 2705 μὲν
1131 2620 1327 2706 ἐργάζεσθαι

153 2723 233 2792 ποτέ
270 2725 300 2791 θ’
337 2727 524 2811 ἀκροᾶσθαι
558 2728 662 2812 κάμνε
694 2726 776 2812 φησὶ
808 2724 863 2792 καί
895 2729 932 2793 τὸ
966 2733 1178 2812 φιλονεικεῖν.
1229 2738 1326 2794 τοῦτο

154 2836 260 2898 εἰπεῖν
292 2835 348 2899 ἴνα
380 2835 462 2899 κατά
493 2833 592 2920 μέρος
624 2834 727 2899 αὐτοῦ
756 2834 859 2919 έπάρη
887 2836 924 2900 τὸ
953 2841 1159 2918 φιλονεικεῖν
1187 2832 1240 2899 ἐπὶ
1267 2845 1327 2900 τοῦ

158 2939 361 3026 ἐργάζεσθαι.
407 2941 563 3006 Eiusdem
586 2941 712 3026 generis
737 2945 812 3005 sunt
835 2940 898 3005 alia
920 2941 1069 3024 plurima.

241 3046 465 3113 Ps.·Zonaram
489 3070 617 3132 quoque
639 3048 675 3112 in
697 3048 926 3113 conscribendo
951 3070 1009 3113 suo
1033 3046 1135 3113 lexico
1158 3048 1219 3113 hoc
1237 3049 1327 3114 fonte

153 3176 249 3219 usum
281 3176 350 3219 esse
381 3155 554 3220 oslendunt
587 3177 659 3220 cum
691 3154 846 3219 voeabula
877 3176 935 3238 per
967 3152 1071 3238 ipsam
1103 3155 1254 3242 chiesim,
1290 3160 1327 3220 ul

153 3262 255 3348 aiunt,
276 3259 468 3327 Hesiodeam
491 3262 648 3348 apposita,
671 3266 741 3326 tum
765 3262 852 3346 quod
873 3284 940 3327 non
962 3262 1072 3346 paucis
1096 3262 1175 3328 locis
1194 3283 1327 3346 prorsus

153 3368 295 3434 concinit
319 3390 391 3433 oum
415 3369 471 3454 eis,
493 3391 574 3453 quae
598 3372 736 3434 aetatem
758 3368 914 3456 tulerunt,
937 3368 1076 3435 scholiis.
1114 3367 1271 3457 Conferas
1288 3369 1328 3433 ad

152 3498 181 3540 v.
208 3475 271 3539 106
301 3475 459 3540 scholium
486 3476 604 3541 veteris
633 3476 836 3562 grammatici
864 3474 908 3563 (p.
934 3475 1013 3564 106)
1041 3499 1114 3541 cum
1140 3476 1192 3540 his
1219 3476 1327 3540 verbis

153 3581 370 3648 Ps.·Z0narae
405 3580 448 3668 (p.
477 3583 543 3648 670
574 3581 717 3671 Τῆλυν.)
759 3582 1036 3669 ἐκκορυφώσω·
1084 3585 1224 3649 δύναται
1265 3580 1328 3667 μὲν

153 3688 335 3755 ἀκούεσθαι
365 3689 698 3775 ἀνακεφαλαιώσομαι
721 3682 795 3755 οἷον
817 3690 970 3777 κορυφὴν
994 3690 1158 3773 ἐπιθήσω·
1186 3691 1326 3754 δύναται

154 3791 192 3860 δὲ
218 3793 274 3860 καὶ
303 3795 408 3873 οὕτως
435 3796 549 3881 ἕτερόν
577 3817 630 3862 σοι
657 3800 760 3880 λόγον
788 3796 1009 3881 ἐκκορυφώσω
1036 3797 1109 3878 ἤτοι
1133 3794 1326 3880 ἀπάρξομαι.

156 3899 226 3967 ἐπεὶ
248 3901 268 3985 ἡ
292 3903 423 3988 κορυφὴ
447 3904 529 3988 ἀρχή
553 3906 603 3979 τίς
627 3903 695 3968 ἐστι
719 3913 778 3969 τοῦ
800 3905 958 3987 σώματος.
995 3903 1117 3967 Eadem
1136 3906 1212 3966 suni
1231 3906 1327 3987 atque

154 4008 190 4072 in
212 4008 358 4094 scholiis,
381 4010 500 4073 eisdem
522 4010 629 4074 verbis
653 4031 812 4096 expressa,
834 4013 962 4094 praeter
982 4009 1205 4074 Ps-Zonaram
1229 4009 1327 4073 ctiam

156 4115 196 4179 ab
221 4119 350 4180 auctore
373 4115 592 4201 Etymologici
614 4116 726 4201 Magni
749 4117 917 4200 exscripta.

245 4221 290 4287 Ut
323 4227 430 4287 autem
462 4245 526 4288 uno
560 4223 675 4287 saltem
708 4223 853 4306 exemplo
886 4223 1065 4308 ostendam,
1098 4226 1129 4286 et
1161 4244 1256 4306 quem
1287 4222 1327 4287 ad

155 4329 286 4394 modum
318 4331 503 4414 saepissime
533 4330 699 4395 decurtata
729 4330 794 4394 sini
821 4330 939 4394 veteris
966 4330 1152 4414 inlerpretis
1180 4329 1265 4393 dicta
1292 4329 1327 4394 in

157 4436 216 4523 eis,
249 4458 330 4521 quac
362 4436 641 4523 circumferuntur,
674 4436 819 4523 scholiis,
851 4441 883 4501 el
912 4459 975 4521 quo
1003 4438 1072 4501 iure
1100 4436 1215 4501 Taetza
1241 4436 1327 4502 hunc

210 4550 425 4604 Dimitrijcvic,
439 4552 516 4592 studia
530 4553 652 4592 Hesiodea.
1097 4547 1112 4595 3
