2970 4980
356 350 398 406 De
418 351 539 421 Operum
557 350 682 405 versibus
703 351 739 406 ab
759 350 883 419 antiquis
902 349 1035 405 laudatis.
1226 349 1287 416 187

110 513 177 579 rico
201 513 304 579 multo
323 513 427 599 magis
447 514 509 578 sibi
532 514 611 579 trito
635 514 795 600 corrigere
819 513 882 579 sibi
900 513 1061 580 videretur
1080 515 1219 579 formam
1242 514 1289 578 in-

111 619 240 686 solitam
259 619 415 686 Hesio'di?
459 619 567 705 Atque
585 643 626 686 ne
644 620 741 687 fidem
758 620 895 686 habeam
913 621 1127 708 inscriptioni,
1150 643 1289 687 commo-

48 728 52 733 ’
110 751 187 793 veor
210 727 370 812 imprimis
393 728 540 793 versibus
564 728 630 792 200
653 732 686 793 01
710 729 785 815 201,
808 729 863 813 qui
888 728 942 793 hic
966 732 1041 793 sunt
1064 729 1099 792 in
1121 728 1232 794 titulo:

111 872 225 948 Αἰδὼς
248 869 425 956 Εὐνομίη
445 871 495 956 τ[ε
514 872 598 948 Διὸς
621 867 658 936 dl
678 871 866 956 οικ]ηπόλοι
886 871 1006 956 lierda
1024 869 1079 959 (cf.
1089 870 1213 936 Kaibel.
1223 870 1243 935 1.
1253 869 1288 958 l.)

112 977 324 1063 αὐτό[ματ]αι
348 975 525 1059 010011οι
549 978 669 1063 μύκον]
694 977 851 1066 οὐρανῷ,
875 976 924 1062 ἐ]ς
947 975 995 1063 [δ’
1023 977 1110 1062 1τ]ον
1127 973 1231 1064 Ὧραι.

200 1119 293 1207 Quid,
316 1120 401 1206 quod
420 1121 609 1186 coniunctus
628 1123 678 1186 est
696 1141 807 1185 versus
825 1119 1005 1185 Hesiodeus
1025 1142 1097 1185 cum
1115 1119 1289 1186 Homerico

110 1225 287 1313 (posterior
301 1232 350 1293 est
369 1227 455 1294 enim
472 1227 501 1292 Ε
523 1226 612 1316 749),
630 1232 726 1313 atque
745 1231 880 1313 uterque
899 1250 996 1313 quam
1014 1227 1152 1293 maxime
1171 1227 1291 1292 recedit

111 1336 152 1401 ab
175 1335 254 1420 ipsis
281 1338 451 1420 poetarum
477 1334 607 1400 verbis?
647 1333 796 1400 Huncine
827 1339 944 1400 testem
972 1334 1150 1421 digniorem
1177 1333 1290 1420 videri,

110 1441 163 1508 cui
185 1442 264 1507 fides
286 1441 457 1528 habeatur,
480 1441 573 1507 libris
597 1442 751 1527 optimis?
797 1441 859 1508 Sed
886 1442 980 1508 redeo
1009 1442 1048 1506 00
1077 1463 1205 1507 versum
1233 1441 1289 1526 qui

112 1548 260 1634 sequitur
280 1549 352 1614 199.
389 1547 455 1615 Ubi
474 1549 612 1615 traditur
635 1550 670 1613 in
688 1549 838 1615 omnibus
861 1549 1024 1614 codicibus
1044 1555 1126 1632 ἴτην.
1164 1547 1287 1613 Iterum

110 1655 407 1723 recentissimorum
427 1662 499 1722 ἴτον
522 1656 658 1721 missum
676 1656 779 1721 facere
799 1656 892 1721 credo
913 1678 983 1722 esse
1002 1640 1079 1740 eius,
1104 1655 1160 1740 qui
1183 1677 1288 1720 recen·

111 1762 202 1830 sendi
216 1785 347 1829 munere
361 1763 529 1849 fungatur3
547 1763 665 1829 iniuria
679 1784 756 1850 ergo
771 1762 912 1828 defendit
923 1769 995 1830 ἴτον
1011 1762 1172 1828 Rzachius
1181 1760 1287 1826 Wien.

111 1868 246 1936 Studien
260 1869 300 1957 V,
317 1871 390 1958 188,
407 1871 539 1936 Dialekt
553 1894 583 1955 p.
597 1871 673 1955 438,
687 1869 752 1935 453
768 1875 800 1935 et
819 1874 1007 1955 receperunt
1026 1870 1165 1935 editores
1184 1869 1289 1934 multi.

110 1975 196 2042 Nam
223 1976 389 2064 vulgatam
415 1977 587 2043 lectionem
615 1977 807 2043 confirmant
835 1977 1008 2043 scholiasta
1031 1976 1221 2042 Homericus
1250 1976 1290 2041 00

109 2083 210 2169 065,
243 2106 423 2169 anonymus
446 2085 481 2149 in
503 2084 580 2150 Aldi
603 2083 695 2150 Horl.
718 2083 822 2150 Adon.
846 2109 876 2170 p.
898 2086 976 2172 181,
1008 2085 1124 2151 solutis
1147 2084 1290 2150 numeris

111 2191 168 2276 qui
190 2213 319 2256 versum
338 2191 459 2277 attulit,
482 2192 595 2257 dubito
615 2214 657 2257 an
679 2192 777 2257 etiam
797 2214 976 2276 anonymus
1000 2192 1084 2277 apud
1103 2189 1290 2258 Crumerum

109 2297 229 2364 Anecd.
248 2297 350 2364 Oxon.
369 2298 417 2364 IV
434 2323 465 2384 p.
485 2299 559 2385 273,
578 2300 634 2365 22ι
659 2296 730 2384 latia
752 2301 841 2384 παρὰ
860 2297 1005 2387 Ἡσιόοῳ
1029 2304 1210 2364 κανόνισον
1232 2297 1288 2364 καὶ

109 2407 149 2472 τὸ
172 2404 306 2492 ἑτέρῃφι
330 2409 362 2472 01
385 2406 561 2472 scholiasta
579 2403 777 2491 Sophocleus
801 2402 891 2492 (1.1.)
916 2404 1098 2490 corruptela
1122 2428 1180 2470 sua
1204 2411 1288 2471 ἴσαν.

111 2509 177 2578 Gur
195 2516 303 2578 autem
326 2514 361 2578 in
378 2514 588 2598 inscriptione
606 2536 670 2578 una
687 2513 808 2598 legitur
828 2513 924 2578 ivor?
961 2511 1104 2577 Eandem
1124 2512 1165 2577 ob
1185 2512 1288 2597 ipsam

110 2643 194 2708 rem,
217 2643 311 2706 quam
336 2624 470 2705 propter
492 2620 576 2686 hanc
598 2621 735 2685 formam
760 2620 974 2686 recentiorum
998 2618 1142 2685 codicum
1164 2619 1289 2684 librarii

110 2727 319 2814 scripserunt,
336 2727 503 2793 Bentleius
522 2727 709 2813 postulavit,
724 2727 820 2792 multi
839 2730 1028 2811 receperunt
1047 2727 1194 2813 editores,
1213 2727 1289 2811 quia

111 2838 334 2920 exspectamus
352 2838 480 2918 tempus
498 2835 646 2900 futurum
665 2857 682 2899 e
701 2834 933 2900 sententiarum
952 2856 1083 2900 conexu.
1113 2833 1159 2898 At
1178 2834 1289 2898 subest

109 2941 213 3007 futuri
231 2941 281 3006 vis
299 2941 363 3026 ipsi
380 2942 502 3006 formae
520 2941 658 3006 traditae
682 2944 770 3025 lanc!
809 2940 910 3017 Quem
928 2963 1023 3007 usum
1041 2945 1078 3005 ut
1100 2962 1166 3006 non
1185 2940 1288 3005 dicam

109 3050 145 3114 in
168 3048 240 3114 aliis
263 3048 395 3135 linguis,
418 3048 546 3114 slaviois
567 3049 698 3135 scilicet,
721 3048 949 3114 creberrimum
968 3069 1045 3132 esse,
1069 3070 1108 3112 ex
1127 3069 1190 3132 quo
1209 3051 1289 3111 tem-

109 3178 171 3242 pus
194 3155 404 3241 praeteritum
426 3155 528 3220 futuri
551 3177 683 3220 munere
704 3155 861 3241 tingitur,
884 3155 982 3220 affero
1006 3155 1152 3239 exempla
1175 3176 1289 3240 graeca

110 3262 226 3350 Α299,
243 3266 277 3327 Δ
288 3262 362 3349 160,
384 3261 499 3348 nim,
521 3262 633 3347 Eurip.
652 3261 734 3327 Med.
756 3263 804 3327 78.
847 3261 963 3347 Itaque
980 3283 1047 3327 non
1070 3265 1128 3348 est,
1151 3284 1208 3327 cur
1230 3262 1288 3328 illo

111 3377 186 3454 ἴτην
204 3391 461 3436 commoveamur
475 3369 516 3434 00
534 3369 711 3454 periculum
726 3370 927 3436 coniectandi
940 3369 1121 3435 faciendum
1137 3370 1199 3435 hoo
1217 3370 1288 3435 looo

110 3499 389 3562 supervacaneum.

199 3582 339 3649 Versum
362 3584 427 3649 200
449 3584 592 3649 laudavit
611 3584 784 3650 scholiasta
802 3584 993 3651 Homericus
1018 3582 1118 3672 (1.1.),
1140 3606 1178 3648 ex
1197 3587 1288 3667 parte

111 3690 285 3756 scholiasta
304 3688 474 3775 Sophoclis
489 3691 523 3776 (l.
542 3688 578 3779 l)
593 3691 787 3756 Eustathius
807 3692 845 3756 00
860 3691 950 3757 11100.
964 3715 994 3775 p.
1011 3692 1085 3777 723,
1101 3689 1142 3754 15
1156 3694 1288 3774 propter

110 3792 304 3884 upotdaovr’
330 3819 441 3863 versus
463 3798 696 3886 praecedentis,
722 3822 753 3883 p.
777 3799 852 3885 866,
871 3799 927 3884 60,
946 3799 1020 3883 966,
1041 3799 1095 3882 12,
1117 3797 1212 3883 1373,
1231 3799 1287 3880 64,

112 3904 209 3991 1434,
226 3904 283 3990 33,
301 3927 330 3969 v.
349 3905 412 3969 201
433 3905 511 3969 item
531 3927 568 3969 ex
587 3909 678 3990 parte
699 3905 872 3970 scholiasta
895 3904 1084 3969 Homericus
1103 3903 1123 3968 1.
1142 3903 1176 3988 1.,
1196 3903 1287 3968 ouius

111 4010 305 4097 ἀνθρώποις
326 4011 533 4097 trisyllabum
554 4035 620 4078 non
644 4033 760 4077 moror.

683 4243 712 4308 5.

199 4366 349 4433 Fabellae
363 4366 533 4456 (Αἴνου),
552 4391 633 4453 quae
649 4368 833 4434 continetur
851 4368 997 4433 versibus
1012 4368 1201 4454 202-212,
1218 4389 1287 4433 ver-

114 4495 184 4540 sum
207 4475 348 4560 primum
365 4475 461 4541 multi
478 4475 697 4541 laudaverunt.
744 4474 888 4552 Quorum
906 4498 923 4540 e
941 4498 1074 4541 numero
1098 4474 1288 4564 seiungendi
