<?xml version="1.0" encoding="UTF-8"?>
<!DOCTYPE html PUBLIC "-//W3C//DTD XHTML 1.0 Transitional//EN"
    "http://www.w3.org/TR/xhtml1/DTD/xhtml1-transitional.dtd">
<html xmlns="http://www.w3.org/1999/xhtml" xml:lang="en" lang="en">
 <head>
  <title>
</title>
<meta http-equiv="Content-Type" content="text/html;charset=utf-8" />
  <meta name='ocr-system' content='tesseract 3.04.00' />
  <meta name='ocr-capabilities' content='ocr_page ocr_carea ocr_par ocr_line ocrx_word'/>
</head>
<body>
  <div class='ocr_page' id='page_1' title='image "./studiahesiodeas00dimigoog_0082.png"; bbox 0 0 2970 4980; ppageno 0'>
   <div class='ocr_carea' id='block_1_1' title="bbox 630 294 1332 365">
    <p class='ocr_par' dir='ltr' id='par_1_1' title="bbox 630 294 1332 365">
     <span class='ocr_line' id='line_1_1' title="bbox 630 294 1332 365; baseline 0 -14"><span class='ocrx_word' id='word_1_1' title='bbox 630 294 743 352; x_wconf 78' lang='lat' dir='ltr'><strong>Scholia</strong></span> <span class='ocrx_word' id='word_1_2' title='bbox 761 295 862 353; x_wconf 92' lang='lat' dir='ltr'><strong>Procli.</strong></span> <span class='ocrx_word' id='word_1_3' title='bbox 1291 299 1332 365; x_wconf 80' lang='lat'><strong>71</strong></span> 
     </span>
    </p>
   </div>
   <div class='ocr_carea' id='block_1_2' title="bbox 153 456 1336 3107">
    <p class='ocr_par' dir='ltr' id='par_1_2' title="bbox 153 456 1336 3107">
     <span class='ocr_line' id='line_1_2' title="bbox 158 456 1336 548; baseline 0.003 -25"><span class='ocrx_word' id='word_1_4' title='bbox 158 457 255 545; x_wconf 80' lang='grc' dir='ltr'><strong><em>τέρας</em></strong></span> <span class='ocrx_word' id='word_1_5' title='bbox 277 456 342 525; x_wconf 82' lang='grc' dir='ltr'><strong>κτὲ.</strong></span> <span class='ocrx_word' id='word_1_6' title='bbox 388 457 524 544; x_wconf 87' lang='lat' dir='ltr'><strong>Aliquid</strong></span> <span class='ocrx_word' id='word_1_7' title='bbox 547 458 652 524; x_wconf 91' lang='lat' dir='ltr'><strong>simile</strong></span> <span class='ocrx_word' id='word_1_8' title='bbox 675 458 772 524; x_wconf 89' lang='lat' dir='ltr'><strong>etiam</strong></span> <span class='ocrx_word' id='word_1_9' title='bbox 796 460 911 525; x_wconf 85' lang='lat' dir='ltr'><strong>Tzetza</strong></span> <span class='ocrx_word' id='word_1_10' title='bbox 929 460 964 524; x_wconf 93' lang='lat' dir='ltr'><strong>in</strong></span> <span class='ocrx_word' id='word_1_11' title='bbox 983 482 1041 525; x_wconf 95' lang='lat' dir='ltr'><strong>suo</strong></span> <span class='ocrx_word' id='word_1_12' title='bbox 1061 462 1235 546; x_wconf 90' lang='lat' dir='ltr'><strong>exemplari</strong></span> <span class='ocrx_word' id='word_1_13' title='bbox 1252 463 1336 548; x_wconf 80' lang='lat' dir='ltr'><strong>lege-</strong></span> 
     </span>
     <span class='ocr_line' id='line_1_3' title="bbox 157 565 1335 653; baseline 0.003 -23"><span class='ocrx_word' id='word_1_14' title='bbox 157 566 230 653; x_wconf 90' lang='lat' dir='ltr'><strong>bat,</strong></span> <span class='ocrx_word' id='word_1_15' title='bbox 262 566 318 650; x_wconf 91' lang='lat' dir='ltr'><strong>qui</strong></span> <span class='ocrx_word' id='word_1_16' title='bbox 350 566 410 630; x_wconf 92' lang='lat' dir='ltr'><strong>sub</strong></span> <span class='ocrx_word' id='word_1_17' title='bbox 443 566 539 630; x_wconf 88' lang='lat' dir='ltr'><strong>finem</strong></span> <span class='ocrx_word' id='word_1_18' title='bbox 570 565 746 631; x_wconf 80' lang='lat' dir='ltr'><strong>invectivae</strong></span> <span class='ocrx_word' id='word_1_19' title='bbox 779 588 854 631; x_wconf 89' lang='lat' dir='ltr'><strong>suae</strong></span> <span class='ocrx_word' id='word_1_20' title='bbox 887 567 1044 632; x_wconf 88' lang='lat' dir='ltr'><strong>orationis</strong></span> <span class='ocrx_word' id='word_1_21' title='bbox 1076 567 1154 632; x_wconf 89' lang='lat' dir='ltr'><strong>haec</strong></span> <span class='ocrx_word' id='word_1_22' title='bbox 1185 570 1335 652; x_wconf 81' lang='lat' dir='ltr'><strong>exposuit</strong></span> 
     </span>
     <span class='ocr_line' id='line_1_4' title="bbox 158 669 1334 761; baseline 0.004 -24"><span class='ocrx_word' id='word_1_23' title='bbox 158 671 203 761; x_wconf 90' lang='lat' dir='ltr'><strong>(p.</strong></span> <span class='ocrx_word' id='word_1_24' title='bbox 228 671 321 761; x_wconf 79' lang='lat'>334):</span> <span class='ocrx_word' id='word_1_25' title='bbox 358 684 426 750; x_wconf 78' lang='grc' dir='ltr'><strong>πῶς</strong></span> <span class='ocrx_word' id='word_1_26' title='bbox 454 669 492 738; x_wconf 73' lang='grc' dir='ltr'><strong>δὲ</strong></span> <span class='ocrx_word' id='word_1_27' title='bbox 521 677 563 738; x_wconf 89' lang='grc' dir='ltr'><strong>σὺ</strong></span> <span class='ocrx_word' id='word_1_28' title='bbox 590 673 608 739; x_wconf 87' lang='grc' dir='ltr'>ὁ</span> <span class='ocrx_word' id='word_1_29' title='bbox 636 674 680 757; x_wconf 85' lang='grc' dir='ltr'><strong>μὴ</strong></span> <span class='ocrx_word' id='word_1_30' title='bbox 709 672 885 757; x_wconf 77' lang='grc' dir='ltr'><em>δεξάμενος</em></span> <span class='ocrx_word' id='word_1_31' title='bbox 912 681 1056 758; x_wconf 84' lang='grc' dir='ltr'><em>θρηνεῖν</em></span> <span class='ocrx_word' id='word_1_32' title='bbox 1083 677 1142 740; x_wconf 80' lang='grc' dir='ltr'><strong>τὸν</strong></span> <span class='ocrx_word' id='word_1_33' title='bbox 1169 677 1334 760; x_wconf 74' lang='grc' dir='ltr'><em>χελιδόνα,</em></span> 
     </span>
     <span class='ocr_line' id='line_1_5' title="bbox 159 777 1333 866; baseline 0.002 -20"><span class='ocrx_word' id='word_1_34' title='bbox 159 781 350 857; x_wconf 78' lang='grc' dir='ltr'><em>Πανδίονος</em></span> <span class='ocrx_word' id='word_1_35' title='bbox 373 780 477 863; x_wconf 80' lang='grc' dir='ltr'><em>αὐτὴν</em></span> <span class='ocrx_word' id='word_1_36' title='bbox 501 778 613 858; x_wconf 60' lang='lat' dir='ltr'><strong>idatio</strong></span> <span class='ocrx_word' id='word_1_37' title='bbox 637 779 821 864; x_wconf 55' lang='grc' dir='ltr'><em>θυγατέρα</em></span> <span class='ocrx_word' id='word_1_38' title='bbox 850 791 930 858; x_wconf 80' lang='grc' dir='ltr'><strong>πῶς</strong></span> <span class='ocrx_word' id='word_1_39' title='bbox 953 777 994 846; x_wconf 72' lang='grc' dir='ltr'><strong>δὲ</strong></span> <span class='ocrx_word' id='word_1_40' title='bbox 1018 781 1221 866; x_wconf 82' lang='grc' dir='ltr'><em>ὀρθοβόην</em></span> <span class='ocrx_word' id='word_1_41' title='bbox 1242 785 1333 866; x_wconf 83' lang='grc' dir='ltr'><em>βού-</em></span> 
     </span>
     <span class='ocr_line' id='line_1_6' title="bbox 157 885 1334 972; baseline 0.001 -19"><span class='ocrx_word' id='word_1_42' title='bbox 157 893 216 953; x_wconf 78' lang='grc' dir='ltr'><strong>λει</strong></span> <span class='ocrx_word' id='word_1_43' title='bbox 244 887 471 971; x_wconf 75' lang='grc' dir='ltr'><em>γράφεσθαι</em></span> <span class='ocrx_word' id='word_1_44' title='bbox 499 888 644 970; x_wconf 82' lang='grc' dir='ltr'><em>ταύτην</em></span> <span class='ocrx_word' id='word_1_45' title='bbox 672 887 741 970; x_wconf 77' lang='grc' dir='ltr'><strong>τὴν</strong></span> <span class='ocrx_word' id='word_1_46' title='bbox 764 885 987 971; x_wconf 77' lang='grc' dir='ltr'><em>ὁλοημέρως</em></span> <span class='ocrx_word' id='word_1_47' title='bbox 1009 891 1180 971; x_wconf 83' lang='grc' dir='ltr'><em>βοῶσαν,</em></span> <span class='ocrx_word' id='word_1_48' title='bbox 1205 888 1245 953; x_wconf 85' lang='grc' dir='ltr'><strong>ἐν</strong></span> <span class='ocrx_word' id='word_1_49' title='bbox 1268 892 1334 972; x_wconf 79' lang='grc' dir='ltr'><strong>ὅρ-</strong></span> 
     </span>
     <span class='ocr_line' id='line_1_7' title="bbox 156 990 1332 1083; baseline 0 -24"><span class='ocrx_word' id='word_1_50' title='bbox 156 1001 239 1083; x_wconf 79' lang='grc' dir='ltr'><em>θρςο</em></span> <span class='ocrx_word' id='word_1_51' title='bbox 268 990 305 1058; x_wconf 69' lang='grc' dir='ltr'><strong>δὲ</strong></span> <span class='ocrx_word' id='word_1_52' title='bbox 332 997 481 1077; x_wconf 75' lang='grc' dir='ltr'><em>μᾶλλον</em></span> <span class='ocrx_word' id='word_1_53' title='bbox 509 995 568 1071; x_wconf 72' lang='grc' dir='ltr'><strong>οὕς</strong></span> <span class='ocrx_word' id='word_1_54' title='bbox 595 991 659 1058; x_wconf 80' lang='grc' dir='ltr'><strong>κτὲ.</strong></span> <span class='ocrx_word' id='word_1_55' title='bbox 705 993 790 1058; x_wconf 92' lang='lat' dir='ltr'><strong>Huic</strong></span> <span class='ocrx_word' id='word_1_56' title='bbox 818 994 909 1078; x_wconf 90' lang='lat' dir='ltr'><strong>adde,</strong></span> <span class='ocrx_word' id='word_1_57' title='bbox 942 994 998 1079; x_wconf 91' lang='lat' dir='ltr'><strong>qui</strong></span> <span class='ocrx_word' id='word_1_58' title='bbox 1031 994 1190 1058; x_wconf 88' lang='lat' dir='ltr'><strong>scholium</strong></span> <span class='ocrx_word' id='word_1_59' title='bbox 1217 995 1332 1059; x_wconf 88' lang='lat' dir='ltr'><strong>melius</strong></span> 
     </span>
     <span class='ocr_line' id='line_1_8' title="bbox 156 1098 1332 1188; baseline 0.003 -24"><span class='ocrx_word' id='word_1_60' title='bbox 156 1100 305 1165; x_wconf 90' lang='lat' dir='ltr'><strong>habitum</strong></span> <span class='ocrx_word' id='word_1_61' title='bbox 327 1100 428 1187; x_wconf 90' lang='lat' dir='ltr'><strong>novit,</strong></span> <span class='ocrx_word' id='word_1_62' title='bbox 451 1103 613 1164; x_wconf 76' lang='lat' dir='ltr'><strong>auctorem</strong></span> <span class='ocrx_word' id='word_1_63' title='bbox 636 1099 745 1183; x_wconf 83' lang='lat' dir='ltr'><strong>Etym.</strong></span> <span class='ocrx_word' id='word_1_64' title='bbox 770 1098 909 1165; x_wconf 83' lang='lat' dir='ltr'><strong>Gudiani</strong></span> <span class='ocrx_word' id='word_1_65' title='bbox 932 1124 961 1184; x_wconf 90' lang='lat' dir='ltr'><strong>p.</strong></span> <span class='ocrx_word' id='word_1_66' title='bbox 980 1101 1056 1188; x_wconf 84' lang='lat'><strong>433,</strong></span> <span class='ocrx_word' id='word_1_67' title='bbox 1075 1103 1108 1166; x_wconf 81' lang='lat'><strong>8:</strong></span> <span class='ocrx_word' id='word_1_68' title='bbox 1142 1103 1332 1187; x_wconf 79' lang='grc' dir='ltr'><em>ὀρθονοή·</em></span> 
     </span>
     <span class='ocr_line' id='line_1_9' title="bbox 156 1206 1334 1294; baseline 0.001 -21"><span class='ocrx_word' id='word_1_69' title='bbox 156 1208 176 1291; x_wconf 76' lang='grc' dir='ltr'><em>ἡ</em></span> <span class='ocrx_word' id='word_1_70' title='bbox 205 1208 357 1293; x_wconf 78' lang='grc' dir='ltr'><em>χελιδών,</em></span> <span class='ocrx_word' id='word_1_71' title='bbox 385 1206 406 1290; x_wconf 78' lang='grc' dir='ltr'><em>ἡ</em></span> <span class='ocrx_word' id='word_1_72' title='bbox 434 1207 499 1272; x_wconf 79' lang='grc' dir='ltr'><strong>ὑπὸ</strong></span> <span class='ocrx_word' id='word_1_73' title='bbox 527 1208 587 1272; x_wconf 84' lang='grc' dir='ltr'><strong>τὸν</strong></span> <span class='ocrx_word' id='word_1_74' title='bbox 610 1209 739 1291; x_wconf 76' lang='grc' dir='ltr'><em>ὄρθρον</em></span> <span class='ocrx_word' id='word_1_75' title='bbox 761 1219 927 1291; x_wconf 79' lang='grc' dir='ltr'><em>γεννῶσα,</em></span> <span class='ocrx_word' id='word_1_76' title='bbox 950 1206 1013 1274; x_wconf 83' lang='grc' dir='ltr'><strong>καὶ</strong></span> <span class='ocrx_word' id='word_1_77' title='bbox 1037 1208 1107 1274; x_wconf 85' lang='grc' dir='ltr'><strong>οὐκ</strong></span> <span class='ocrx_word' id='word_1_78' title='bbox 1131 1209 1334 1294; x_wconf 80' lang='grc' dir='ltr'><em>ὀρθοβοὴν</em></span> 
     </span>
     <span class='ocr_line' id='line_1_10' title="bbox 157 1313 1334 1392; baseline 0 -12"><span class='ocrx_word' id='word_1_79' title='bbox 157 1316 206 1392; x_wconf 78' lang='grc' dir='ltr'><strong>ὥς</strong></span> <span class='ocrx_word' id='word_1_80' title='bbox 232 1338 347 1390; x_wconf 80' lang='grc' dir='ltr'><em>τινες.</em></span> <span class='ocrx_word' id='word_1_81' title='bbox 396 1313 592 1378; x_wconf 90' lang='lat' dir='ltr'><strong>Hesiodeum</strong></span> <span class='ocrx_word' id='word_1_82' title='bbox 621 1315 886 1378; x_wconf 89' lang='lat' dir='ltr'><strong>commentarium</strong></span> <span class='ocrx_word' id='word_1_83' title='bbox 913 1314 1013 1379; x_wconf 90' lang='lat' dir='ltr'><strong>fuisse</strong></span> <span class='ocrx_word' id='word_1_84' title='bbox 1041 1315 1109 1379; x_wconf 91' lang='lat' dir='ltr'><strong>eius</strong></span> <span class='ocrx_word' id='word_1_85' title='bbox 1137 1316 1260 1380; x_wconf 91' lang='lat' dir='ltr'><strong>fontem</strong></span> <span class='ocrx_word' id='word_1_86' title='bbox 1288 1316 1334 1380; x_wconf 90' lang='lat' dir='ltr'><strong>ita</strong></span> 
     </span>
     <span class='ocr_line' id='line_1_11' title="bbox 156 1419 1334 1505; baseline 0.001 -20"><span class='ocrx_word' id='word_1_87' title='bbox 156 1424 206 1485; x_wconf 94' lang='lat' dir='ltr'><strong>est</strong></span> <span class='ocrx_word' id='word_1_88' title='bbox 236 1423 397 1505; x_wconf 89' lang='lat' dir='ltr'><strong>apertum,</strong></span> <span class='ocrx_word' id='word_1_89' title='bbox 424 1423 462 1484; x_wconf 93' lang='lat' dir='ltr'><strong>ut</strong></span> <span class='ocrx_word' id='word_1_90' title='bbox 489 1423 612 1484; x_wconf 91' lang='lat' dir='ltr'><strong>taceam</strong></span> <span class='ocrx_word' id='word_1_91' title='bbox 640 1419 701 1483; x_wconf 91' lang='lat' dir='ltr'><strong>hac</strong></span> <span class='ocrx_word' id='word_1_92' title='bbox 725 1420 762 1484; x_wconf 90' lang='lat' dir='ltr'><strong>de</strong></span> <span class='ocrx_word' id='word_1_93' title='bbox 785 1442 827 1485; x_wconf 90' lang='lat' dir='ltr'><strong>re.</strong></span> <span class='ocrx_word' id='word_1_94' title='bbox 874 1419 966 1496; x_wconf 82' lang='lat' dir='ltr'><strong>Quod</strong></span> <span class='ocrx_word' id='word_1_95' title='bbox 988 1443 1063 1486; x_wconf 91' lang='lat' dir='ltr'><strong>vero</strong></span> <span class='ocrx_word' id='word_1_96' title='bbox 1087 1421 1140 1486; x_wconf 92' lang='lat' dir='ltr'><strong>hic</strong></span> <span class='ocrx_word' id='word_1_97' title='bbox 1162 1422 1334 1486; x_wconf 90' lang='lat' dir='ltr'><strong>lectionem</strong></span> 
     </span>
     <span class='ocr_line' id='line_1_12' title="bbox 156 1526 1333 1614; baseline 0.001 -22"><span class='ocrx_word' id='word_1_98' title='bbox 156 1528 327 1614; x_wconf 81' lang='grc' dir='ltr'><em>ὀρθογόην</em></span> <span class='ocrx_word' id='word_1_99' title='bbox 355 1526 472 1610; x_wconf 88' lang='lat' dir='ltr'><strong>accipit</strong></span> <span class='ocrx_word' id='word_1_100' title='bbox 499 1530 537 1590; x_wconf 89' lang='lat' dir='ltr'><strong>ut</strong></span> <span class='ocrx_word' id='word_1_101' title='bbox 560 1526 652 1590; x_wconf 88' lang='lat' dir='ltr'><strong>unice</strong></span> <span class='ocrx_word' id='word_1_102' title='bbox 675 1548 792 1612; x_wconf 90' lang='lat' dir='ltr'><strong>veram,</strong></span> <span class='ocrx_word' id='word_1_103' title='bbox 815 1532 949 1610; x_wconf 89' lang='lat' dir='ltr'><strong>apparet</strong></span> <span class='ocrx_word' id='word_1_104' title='bbox 972 1528 1057 1592; x_wconf 90' lang='lat' dir='ltr'><strong>hunc</strong></span> <span class='ocrx_word' id='word_1_105' title='bbox 1079 1529 1203 1593; x_wconf 91' lang='lat' dir='ltr'><strong>fontem</strong></span> <span class='ocrx_word' id='word_1_106' title='bbox 1225 1528 1333 1593; x_wconf 90' lang='lat' dir='ltr'><strong>Procli</strong></span> 
     </span>
     <span class='ocr_line' id='line_1_13' title="bbox 156 1632 1333 1719; baseline 0.001 -20"><span class='ocrx_word' id='word_1_107' title='bbox 156 1634 315 1700; x_wconf 88' lang='lat' dir='ltr'><strong>scholium</strong></span> <span class='ocrx_word' id='word_1_108' title='bbox 336 1655 403 1700; x_wconf 93' lang='lat' dir='ltr'><strong>non</strong></span> <span class='ocrx_word' id='word_1_109' title='bbox 425 1633 533 1697; x_wconf 87' lang='lat' dir='ltr'><strong>fuisse.</strong></span> <span class='ocrx_word' id='word_1_110' title='bbox 578 1632 654 1696; x_wconf 86' lang='lat' dir='ltr'><strong>Fuit</strong></span> <span class='ocrx_word' id='word_1_111' title='bbox 678 1654 755 1719; x_wconf 85' lang='lat' dir='ltr'><strong>ergo</strong></span> <span class='ocrx_word' id='word_1_112' title='bbox 778 1633 896 1698; x_wconf 92' lang='lat' dir='ltr'><strong>veteris</strong></span> <span class='ocrx_word' id='word_1_113' title='bbox 919 1634 1115 1719; x_wconf 80' lang='lat' dir='ltr'><strong>interpretis,</strong></span> <span class='ocrx_word' id='word_1_114' title='bbox 1160 1633 1206 1700; x_wconf 86' lang='lat' dir='ltr'><strong>At</strong></span> <span class='ocrx_word' id='word_1_115' title='bbox 1229 1657 1333 1719; x_wconf 88' lang='lat' dir='ltr'><strong>neque</strong></span> 
     </span>
     <span class='ocr_line' id='line_1_14' title="bbox 157 1740 1333 1826; baseline -0.002 -18"><span class='ocrx_word' id='word_1_116' title='bbox 157 1741 242 1826; x_wconf 89' lang='lat' dir='ltr'><strong>apud</strong></span> <span class='ocrx_word' id='word_1_117' title='bbox 264 1741 358 1806; x_wconf 88' lang='lat' dir='ltr'><strong>illum</strong></span> <span class='ocrx_word' id='word_1_118' title='bbox 380 1762 467 1805; x_wconf 88' lang='lat' dir='ltr'><strong>nunc</strong></span> <span class='ocrx_word' id='word_1_119' title='bbox 488 1741 609 1825; x_wconf 85' lang='lat' dir='ltr'><strong>legitur</strong></span> <span class='ocrx_word' id='word_1_120' title='bbox 632 1740 720 1804; x_wconf 91' lang='lat' dir='ltr'><strong>varia</strong></span> <span class='ocrx_word' id='word_1_121' title='bbox 743 1740 800 1805; x_wconf 89' lang='lat' dir='ltr'><strong>illa</strong></span> <span class='ocrx_word' id='word_1_122' title='bbox 822 1741 918 1806; x_wconf 91' lang='lat' dir='ltr'><strong>lectio</strong></span> <span class='ocrx_word' id='word_1_123' title='bbox 940 1763 1044 1826; x_wconf 90' lang='lat' dir='ltr'><strong>neque</strong></span> <span class='ocrx_word' id='word_1_124' title='bbox 1066 1742 1185 1806; x_wconf 89' lang='lat' dir='ltr'><strong>mansit</strong></span> <span class='ocrx_word' id='word_1_125' title='bbox 1207 1742 1243 1806; x_wconf 93' lang='lat' dir='ltr'><strong>in</strong></span> <span class='ocrx_word' id='word_1_126' title='bbox 1265 1743 1333 1806; x_wconf 90' lang='lat' dir='ltr'><strong>eius</strong></span> 
     </span>
     <span class='ocr_line' id='line_1_15' title="bbox 156 1846 1333 1934; baseline 0 -21"><span class='ocrx_word' id='word_1_127' title='bbox 156 1849 383 1933; x_wconf 88' lang='lat' dir='ltr'><strong>disputatione,</strong></span> <span class='ocrx_word' id='word_1_128' title='bbox 397 1870 494 1932; x_wconf 88' lang='lat' dir='ltr'><strong>quam</strong></span> <span class='ocrx_word' id='word_1_129' title='bbox 504 1846 724 1932; x_wconf 82' lang='lat' dir='ltr'><strong>Etymologici</strong></span> <span class='ocrx_word' id='word_1_130' title='bbox 737 1851 848 1912; x_wconf 80' lang='lat' dir='ltr'><strong>auctor</strong></span> <span class='ocrx_word' id='word_1_131' title='bbox 858 1848 1037 1934; x_wconf 80' lang='lat' dir='ltr'><strong>exscripsit,</strong></span> <span class='ocrx_word' id='word_1_132' title='bbox 1046 1849 1149 1913; x_wconf 91' lang='lat' dir='ltr'><strong>ullum</strong></span> <span class='ocrx_word' id='word_1_133' title='bbox 1157 1849 1333 1934; x_wconf 77' lang='lat' dir='ltr'><strong>vestigium</strong></span> 
     </span>
     <span class='ocr_line' id='line_1_16' title="bbox 154 1954 1331 2040; baseline -0.001 -20"><span class='ocrx_word' id='word_1_134' title='bbox 154 1955 312 2040; x_wconf 81' lang='lat' dir='ltr'><strong>longioris</strong></span> <span class='ocrx_word' id='word_1_135' title='bbox 340 1955 429 2018; x_wconf 90' lang='lat' dir='ltr'><strong>illius</strong></span> <span class='ocrx_word' id='word_1_136' title='bbox 458 1955 496 2018; x_wconf 91' lang='lat' dir='ltr'><strong>de</strong></span> <span class='ocrx_word' id='word_1_137' title='bbox 522 1954 701 2018; x_wconf 89' lang='lat' dir='ltr'><strong>Philomela</strong></span> <span class='ocrx_word' id='word_1_138' title='bbox 727 1955 932 2019; x_wconf 90' lang='lat' dir='ltr'><strong>narrationis.</strong></span> <span class='ocrx_word' id='word_1_139' title='bbox 982 1955 1047 2020; x_wconf 87' lang='lat' dir='ltr'><strong>Res</strong></span> <span class='ocrx_word' id='word_1_140' title='bbox 1075 1960 1125 2020; x_wconf 92' lang='lat' dir='ltr'><strong>est</strong></span> <span class='ocrx_word' id='word_1_141' title='bbox 1151 1955 1331 2020; x_wconf 84' lang='lat' dir='ltr'><strong>manifesta.</strong></span> 
     </span>
     <span class='ocr_line' id='line_1_17' title="bbox 155 2060 1332 2148; baseline -0.001 -22"><span class='ocrx_word' id='word_1_142' title='bbox 155 2061 218 2138; x_wconf 82' lang='lat' dir='ltr'><strong>Qui</strong></span> <span class='ocrx_word' id='word_1_143' title='bbox 237 2061 369 2146; x_wconf 90' lang='lat' dir='ltr'><strong>scholia,</strong></span> <span class='ocrx_word' id='word_1_144' title='bbox 389 2061 507 2145; x_wconf 91' lang='lat' dir='ltr'><strong>quibus</strong></span> <span class='ocrx_word' id='word_1_145' title='bbox 527 2065 559 2125; x_wconf 88' lang='lat' dir='ltr'><strong>et</strong></span> <span class='ocrx_word' id='word_1_146' title='bbox 573 2060 688 2125; x_wconf 82' lang='lat' dir='ltr'><strong>Taetza</strong></span> <span class='ocrx_word' id='word_1_147' title='bbox 707 2083 783 2125; x_wconf 89' lang='lat' dir='ltr'><strong>usus</strong></span> <span class='ocrx_word' id='word_1_148' title='bbox 802 2065 852 2125; x_wconf 94' lang='lat' dir='ltr'><strong>est</strong></span> <span class='ocrx_word' id='word_1_149' title='bbox 870 2065 903 2127; x_wconf 92' lang='lat' dir='ltr'><strong>et</strong></span> <span class='ocrx_word' id='word_1_150' title='bbox 921 2062 1044 2127; x_wconf 92' lang='lat' dir='ltr'><strong>utimur</strong></span> <span class='ocrx_word' id='word_1_151' title='bbox 1061 2084 1132 2148; x_wconf 92' lang='lat' dir='ltr'><strong>nos,</strong></span> <span class='ocrx_word' id='word_1_152' title='bbox 1150 2062 1332 2146; x_wconf 87' lang='lat' dir='ltr'><strong>composuit</strong></span> 
     </span>
     <span class='ocr_line' id='line_1_18' title="bbox 155 2167 1331 2254; baseline -0.001 -21"><span class='ocrx_word' id='word_1_153' title='bbox 155 2189 194 2233; x_wconf 89' lang='lat' dir='ltr'><strong>ex</strong></span> <span class='ocrx_word' id='word_1_154' title='bbox 227 2168 385 2252; x_wconf 75' lang='lat' dir='ltr'><strong>excerptis</strong></span> <span class='ocrx_word' id='word_1_155' title='bbox 421 2167 590 2252; x_wconf 92' lang='lat' dir='ltr'><strong>utriusque</strong></span> <span class='ocrx_word' id='word_1_156' title='bbox 622 2168 857 2254; x_wconf 90' lang='lat' dir='ltr'><strong>commentarii,</strong></span> <span class='ocrx_word' id='word_1_157' title='bbox 888 2169 917 2232; x_wconf 92' lang='lat' dir='ltr'><strong>is</strong></span> <span class='ocrx_word' id='word_1_158' title='bbox 947 2169 1032 2253; x_wconf 89' lang='lat' dir='ltr'><strong>apud</strong></span> <span class='ocrx_word' id='word_1_159' title='bbox 1063 2173 1202 2234; x_wconf 89' lang='lat' dir='ltr'><strong>veterem</strong></span> <span class='ocrx_word' id='word_1_160' title='bbox 1235 2169 1331 2233; x_wconf 89' lang='lat' dir='ltr'><strong>inter-</strong></span> 
     </span>
     <span class='ocr_line' id='line_1_19' title="bbox 154 2274 1332 2360; baseline 0 -21"><span class='ocrx_word' id='word_1_161' title='bbox 154 2279 279 2360; x_wconf 93' lang='lat' dir='ltr'><strong>pretem</strong></span> <span class='ocrx_word' id='word_1_162' title='bbox 310 2275 434 2340; x_wconf 90' lang='lat' dir='ltr'><strong>invenit</strong></span> <span class='ocrx_word' id='word_1_163' title='bbox 467 2275 558 2339; x_wconf 91' lang='lat' dir='ltr'><strong>illam</strong></span> <span class='ocrx_word' id='word_1_164' title='bbox 589 2274 772 2359; x_wconf 91' lang='lat' dir='ltr'><strong>lectionem,</strong></span> <span class='ocrx_word' id='word_1_165' title='bbox 805 2298 868 2360; x_wconf 94' lang='lat' dir='ltr'><strong>qua</strong></span> <span class='ocrx_word' id='word_1_166' title='bbox 901 2280 1028 2359; x_wconf 88' lang='lat' dir='ltr'><strong>recepta</strong></span> <span class='ocrx_word' id='word_1_167' title='bbox 1056 2276 1140 2340; x_wconf 91' lang='lat' dir='ltr'><strong>inter</strong></span> <span class='ocrx_word' id='word_1_168' title='bbox 1163 2275 1332 2339; x_wconf 89' lang='lat' dir='ltr'><strong>Procliana</strong></span> 
     </span>
     <span class='ocr_line' id='line_1_20' title="bbox 153 2381 1331 2465; baseline 0.001 -19"><span class='ocrx_word' id='word_1_169' title='bbox 153 2381 244 2447; x_wconf 91' lang='lat' dir='ltr'><strong>visus</strong></span> <span class='ocrx_word' id='word_1_170' title='bbox 275 2382 338 2446; x_wconf 90' lang='lat' dir='ltr'><strong>sibi</strong></span> <span class='ocrx_word' id='word_1_171' title='bbox 370 2387 420 2446; x_wconf 87' lang='lat' dir='ltr'><strong>est</strong></span> <span class='ocrx_word' id='word_1_172' title='bbox 447 2382 606 2446; x_wconf 91' lang='lat' dir='ltr'><strong>invenisse</strong></span> <span class='ocrx_word' id='word_1_173' title='bbox 635 2381 742 2446; x_wconf 90' lang='lat' dir='ltr'><strong>versui</strong></span> <span class='ocrx_word' id='word_1_174' title='bbox 770 2381 934 2447; x_wconf 90' lang='lat' dir='ltr'><strong>medelam.</strong></span> <span class='ocrx_word' id='word_1_175' title='bbox 985 2381 1055 2447; x_wconf 90' lang='lat' dir='ltr'><strong>Hac</strong></span> <span class='ocrx_word' id='word_1_176' title='bbox 1081 2382 1331 2465; x_wconf 87' lang='lat' dir='ltr'><strong>interpolatione</strong></span> 
     </span>
     <span class='ocr_line' id='line_1_21' title="bbox 153 2487 1331 2574; baseline -0.001 -21"><span class='ocrx_word' id='word_1_177' title='bbox 153 2490 275 2555; x_wconf 85' lang='lat' dir='ltr'><strong>factum</strong></span> <span class='ocrx_word' id='word_1_178' title='bbox 308 2493 371 2574; x_wconf 92' lang='lat' dir='ltr'><strong>est,</strong></span> <span class='ocrx_word' id='word_1_179' title='bbox 404 2493 444 2564; x_wconf 68' lang='lat' dir='ltr'><strong>⁴ut</strong></span> <span class='ocrx_word' id='word_1_180' title='bbox 477 2511 516 2553; x_wconf 85' lang='lat' dir='ltr'><strong>ex</strong></span> <span class='ocrx_word' id='word_1_181' title='bbox 548 2488 758 2573; x_wconf 90' lang='lat' dir='ltr'><strong>sequentibus</strong></span> <span class='ocrx_word' id='word_1_182' title='bbox 791 2492 974 2573; x_wconf 92' lang='lat' dir='ltr'><strong>temporum</strong></span> <span class='ocrx_word' id='word_1_183' title='bbox 1005 2489 1140 2554; x_wconf 89' lang='lat' dir='ltr'><strong>decursu</strong></span> <span class='ocrx_word' id='word_1_184' title='bbox 1173 2487 1331 2553; x_wconf 85' lang='lat' dir='ltr'><strong>excideret</strong></span> 
     </span>
     <span class='ocr_line' id='line_1_22' title="bbox 153 2595 1330 2680; baseline -0.001 -19"><span class='ocrx_word' id='word_1_185' title='bbox 153 2596 236 2662; x_wconf 92' lang='lat' dir='ltr'><strong>illud</strong></span> <span class='ocrx_word' id='word_1_186' title='bbox 269 2597 523 2661; x_wconf 88' lang='lat' dir='ltr'><strong>adversariorum</strong></span> <span class='ocrx_word' id='word_1_187' title='bbox 554 2595 721 2661; x_wconf 89' lang='lat' dir='ltr'><strong>iudicium:</strong></span> <span class='ocrx_word' id='word_1_188' title='bbox 754 2596 872 2680; x_wconf 91' lang='lat' dir='ltr'><strong>quibus</strong></span> <span class='ocrx_word' id='word_1_189' title='bbox 905 2596 990 2661; x_wconf 90' lang='lat' dir='ltr'><strong>enim</strong></span> <span class='ocrx_word' id='word_1_190' title='bbox 1022 2596 1126 2661; x_wconf 89' lang='lat' dir='ltr'><strong>visum</strong></span> <span class='ocrx_word' id='word_1_191' title='bbox 1154 2599 1203 2660; x_wconf 90' lang='lat' dir='ltr'><strong>est</strong></span> <span class='ocrx_word' id='word_1_192' title='bbox 1230 2617 1330 2660; x_wconf 90' lang='lat' dir='ltr'><strong>unum</strong></span> 
     </span>
     <span class='ocr_line' id='line_1_23' title="bbox 155 2702 1330 2788; baseline -0.001 -21"><span class='ocrx_word' id='word_1_193' title='bbox 155 2703 286 2768; x_wconf 87' lang='lat' dir='ltr'><strong>subesse</strong></span> <span class='ocrx_word' id='word_1_194' title='bbox 318 2702 491 2788; x_wconf 88' lang='lat' dir='ltr'><strong>scholium,</strong></span> <span class='ocrx_word' id='word_1_195' title='bbox 523 2724 634 2766; x_wconf 91' lang='lat' dir='ltr'><strong>eorum</strong></span> <span class='ocrx_word' id='word_1_196' title='bbox 666 2725 705 2767; x_wconf 90' lang='lat' dir='ltr'><strong>ex</strong></span> <span class='ocrx_word' id='word_1_197' title='bbox 738 2703 856 2767; x_wconf 90' lang='lat' dir='ltr'><strong>iudicio</strong></span> <span class='ocrx_word' id='word_1_198' title='bbox 888 2706 1025 2787; x_wconf 91' lang='lat' dir='ltr'><strong>utraque</strong></span> <span class='ocrx_word' id='word_1_199' title='bbox 1058 2703 1219 2768; x_wconf 89' lang='lat' dir='ltr'><strong>sententia</strong></span> <span class='ocrx_word' id='word_1_200' title='bbox 1245 2707 1330 2766; x_wconf 87' lang='lat' dir='ltr'><strong>stare</strong></span> 
     </span>
     <span class='ocr_line' id='line_1_24' title="bbox 153 2807 1330 2894; baseline -0.002 -20"><span class='ocrx_word' id='word_1_201' title='bbox 153 2831 221 2874; x_wconf 92' lang='lat' dir='ltr'><strong>non</strong></span> <span class='ocrx_word' id='word_1_202' title='bbox 243 2813 302 2893; x_wconf 93' lang='lat' dir='ltr'><strong>pot</strong></span> <span class='ocrx_word' id='word_1_203' title='bbox 328 2809 361 2874; x_wconf 83' lang='lat' dir='ltr'><strong>&#39;t.</strong></span> <span class='ocrx_word' id='word_1_204' title='bbox 406 2807 457 2873; x_wconf 89' lang='lat' dir='ltr'><strong>Ita</strong></span> <span class='ocrx_word' id='word_1_205' title='bbox 475 2809 593 2873; x_wconf 85' lang='lat' dir='ltr'><strong>veteris</strong></span> <span class='ocrx_word' id='word_1_206' title='bbox 610 2808 796 2892; x_wconf 89' lang='lat' dir='ltr'><strong>interpretis</strong></span> <span class='ocrx_word' id='word_1_207' title='bbox 815 2808 968 2874; x_wconf 88' lang='lat' dir='ltr'><strong>iudicium</strong></span> <span class='ocrx_word' id='word_1_208' title='bbox 986 2810 1021 2873; x_wconf 89' lang='lat' dir='ltr'><strong>in</strong></span> <span class='ocrx_word' id='word_1_209' title='bbox 1038 2809 1180 2894; x_wconf 87' lang='lat' dir='ltr'><strong>vulgatis</strong></span> <span class='ocrx_word' id='word_1_210' title='bbox 1200 2808 1330 2873; x_wconf 87' lang='lat' dir='ltr'><strong>scholiis</strong></span> 
     </span>
     <span class='ocr_line' id='line_1_25' title="bbox 155 2914 1328 3001; baseline -0.003 -20"><span class='ocrx_word' id='word_1_211' title='bbox 155 2915 260 3000; x_wconf 89' lang='lat' dir='ltr'><strong>periit.</strong></span> <span class='ocrx_word' id='word_1_212' title='bbox 308 2914 370 2981; x_wconf 87' lang='lat' dir='ltr'><strong>Sed</strong></span> <span class='ocrx_word' id='word_1_213' title='bbox 393 2937 457 2981; x_wconf 88' lang='lat' dir='ltr'><strong>una</strong></span> <span class='ocrx_word' id='word_1_214' title='bbox 479 2915 576 2999; x_wconf 91' lang='lat' dir='ltr'><strong>periit</strong></span> <span class='ocrx_word' id='word_1_215' title='bbox 600 2916 728 3001; x_wconf 81' lang='lat' dir='ltr'><strong>signum</strong></span> <span class='ocrx_word' id='word_1_216' title='bbox 747 2916 835 3001; x_wconf 92' lang='lat' dir='ltr'><strong>illud,</strong></span> <span class='ocrx_word' id='word_1_217' title='bbox 854 2939 911 3000; x_wconf 92' lang='lat' dir='ltr'><strong>per</strong></span> <span class='ocrx_word' id='word_1_218' title='bbox 930 2916 1016 3000; x_wconf 90' lang='lat' dir='ltr'><strong>quod</strong></span> <span class='ocrx_word' id='word_1_219' title='bbox 1034 2914 1200 3000; x_wconf 89' lang='lat' dir='ltr'><strong>sequentia</strong></span> <span class='ocrx_word' id='word_1_220' title='bbox 1218 2936 1328 2979; x_wconf 89' lang='lat' dir='ltr'><strong>rursus</strong></span> 
     </span>
     <span class='ocr_line' id='line_1_26' title="bbox 154 3021 1329 3107; baseline -0.003 -20"><span class='ocrx_word' id='word_1_221' title='bbox 154 3022 271 3088; x_wconf 88' lang='lat' dir='ltr'><strong>Proclo</strong></span> <span class='ocrx_word' id='word_1_222' title='bbox 295 3021 558 3107; x_wconf 85' lang='lat' dir='ltr'><strong>attribuerentur,</strong></span> <span class='ocrx_word' id='word_1_223' title='bbox 582 3045 663 3106; x_wconf 91' lang='lat' dir='ltr'><strong>quae</strong></span> <span class='ocrx_word' id='word_1_224' title='bbox 685 3045 770 3087; x_wconf 94' lang='lat' dir='ltr'><strong>nunc</strong></span> <span class='ocrx_word' id='word_1_225' title='bbox 793 3023 955 3087; x_wconf 91' lang='lat' dir='ltr'><strong>immerito</strong></span> <span class='ocrx_word' id='word_1_226' title='bbox 974 3022 1059 3105; x_wconf 90' lang='lat' dir='ltr'><strong>apud</strong></span> <span class='ocrx_word' id='word_1_227' title='bbox 1077 3022 1215 3086; x_wconf 90' lang='lat' dir='ltr'><strong>alterum</strong></span> <span class='ocrx_word' id='word_1_228' title='bbox 1232 3021 1329 3085; x_wconf 87' lang='lat' dir='ltr'><strong>inter·</strong></span> 
     </span>
    </p>
   </div>
   <div class='ocr_carea' id='block_1_3' title="bbox 154 3127 1330 3322">
    <p class='ocr_par' dir='ltr' id='par_1_3' title="bbox 154 3127 1330 3322">
     <span class='ocr_line' id='line_1_27' title="bbox 154 3127 885 3213; baseline 0 -20"><span class='ocrx_word' id='word_1_229' title='bbox 154 3133 279 3212; x_wconf 88' lang='lat' dir='ltr'><strong>pretem</strong></span> <span class='ocrx_word' id='word_1_230' title='bbox 301 3133 554 3212; x_wconf 89' lang='lat' dir='ltr'><strong>permanserunt.</strong></span> <span class='ocrx_word' id='word_1_231' title='bbox 606 3127 653 3194; x_wconf 78' lang='lat' dir='ltr'><strong>cf.</strong></span> <span class='ocrx_word' id='word_1_232' title='bbox 676 3129 761 3194; x_wconf 89' lang='lat' dir='ltr'><strong>infra</strong></span> <span class='ocrx_word' id='word_1_233' title='bbox 783 3153 813 3213; x_wconf 90' lang='lat' dir='ltr'><strong>p.</strong></span> <span class='ocrx_word' id='word_1_234' title='bbox 833 3130 885 3194; x_wconf 78' lang='grc'><strong>92.</strong></span> 
     </span>
     <span class='ocr_line' id='line_1_28' title="bbox 242 3235 1330 3322; baseline -0.002 -22"><span class='ocrx_word' id='word_1_235' title='bbox 242 3235 350 3300; x_wconf 88' lang='lat' dir='ltr'><strong>Procli</strong></span> <span class='ocrx_word' id='word_1_236' title='bbox 382 3235 494 3300; x_wconf 90' lang='lat' dir='ltr'><strong>deinde</strong></span> <span class='ocrx_word' id='word_1_237' title='bbox 527 3239 604 3300; x_wconf 91' lang='lat' dir='ltr'><strong>sunt</strong></span> <span class='ocrx_word' id='word_1_238' title='bbox 635 3258 664 3319; x_wconf 93' lang='lat' dir='ltr'><strong>p.</strong></span> <span class='ocrx_word' id='word_1_239' title='bbox 689 3235 769 3322; x_wconf 92' lang='grc'><em>335,</em></span> <span class='ocrx_word' id='word_1_240' title='bbox 792 3236 969 3320; x_wconf 78' lang='grc'><em>24-336,</em></span> <span class='ocrx_word' id='word_1_241' title='bbox 994 3236 1049 3322; x_wconf 87' lang='lat'><strong>19,</strong></span> <span class='ocrx_word' id='word_1_242' title='bbox 1077 3235 1157 3322; x_wconf 83' lang='lat'><strong>338,</strong></span> <span class='ocrx_word' id='word_1_243' title='bbox 1181 3235 1330 3320; x_wconf 80' lang='lat'><strong>13-22,</strong></span> 
     </span>
    </p>
   </div>
   <div class='ocr_carea' id='block_1_4' title="bbox 154 3340 1329 4496">
    <p class='ocr_par' dir='ltr' id='par_1_4' title="bbox 154 3340 1329 4156">
     <span class='ocr_line' id='line_1_29' title="bbox 154 3340 1328 3429; baseline -0.001 -23"><span class='ocrx_word' id='word_1_244' title='bbox 154 3341 304 3428; x_wconf 80' lang='grc'><em>23-33,</em></span> <span class='ocrx_word' id='word_1_245' title='bbox 332 3343 410 3428; x_wconf 88' lang='grc'><em>339,</em></span> <span class='ocrx_word' id='word_1_246' title='bbox 433 3341 558 3428; x_wconf 85' lang='grc'><em>5-13,</em></span> <span class='ocrx_word' id='word_1_247' title='bbox 581 3342 655 3429; x_wconf 88' lang='grc'><em>340,</em></span> <span class='ocrx_word' id='word_1_248' title='bbox 676 3342 838 3427; x_wconf 88' lang='grc'><em>14-341,</em></span> <span class='ocrx_word' id='word_1_249' title='bbox 857 3345 887 3428; x_wconf 90' lang='grc'><em>3,</em></span> <span class='ocrx_word' id='word_1_250' title='bbox 908 3342 1072 3429; x_wconf 78' lang='lat'><strong>20-342,</strong></span> <span class='ocrx_word' id='word_1_251' title='bbox 1093 3343 1120 3407; x_wconf 91' lang='lat'><strong>1.</strong></span> <span class='ocrx_word' id='word_1_252' title='bbox 1167 3340 1254 3426; x_wconf 82' lang='lat' dir='ltr'><strong>Quae</strong></span> <span class='ocrx_word' id='word_1_253' title='bbox 1276 3340 1328 3405; x_wconf 89' lang='lat' dir='ltr'><strong>his</strong></span> 
     </span>
     <span class='ocr_line' id='line_1_30' title="bbox 155 3448 1329 3534; baseline -0.003 -20"><span class='ocrx_word' id='word_1_254' title='bbox 155 3449 308 3514; x_wconf 91' lang='lat' dir='ltr'><strong>accedunt</strong></span> <span class='ocrx_word' id='word_1_255' title='bbox 330 3471 360 3532; x_wconf 89' lang='lat' dir='ltr'><strong>p.</strong></span> <span class='ocrx_word' id='word_1_256' title='bbox 381 3449 459 3534; x_wconf 84' lang='lat'><strong>342,</strong></span> <span class='ocrx_word' id='word_1_257' title='bbox 481 3448 602 3534; x_wconf 88' lang='grc'><em>1-10,</em></span> <span class='ocrx_word' id='word_1_258' title='bbox 621 3449 685 3514; x_wconf 93' lang='grc'><strong>343</strong></span> <span class='ocrx_word' id='word_1_259' title='bbox 692 3501 700 3534; x_wconf 95' lang='grc'><em>,</em></span> <span class='ocrx_word' id='word_1_260' title='bbox 721 3448 864 3534; x_wconf 77' lang='grc'><em>11-20,</em></span> <span class='ocrx_word' id='word_1_261' title='bbox 893 3449 961 3513; x_wconf 91' lang='lat' dir='ltr'><strong>sine</strong></span> <span class='ocrx_word' id='word_1_262' title='bbox 989 3449 1087 3514; x_wconf 91' lang='lat' dir='ltr'><strong>dubio</strong></span> <span class='ocrx_word' id='word_1_263' title='bbox 1111 3448 1229 3513; x_wconf 90' lang='lat' dir='ltr'><strong>veteris</strong></span> <span class='ocrx_word' id='word_1_264' title='bbox 1253 3451 1329 3511; x_wconf 87' lang='lat' dir='ltr'><strong>sunt</strong></span> 
     </span>
     <span class='ocr_line' id='line_1_31' title="bbox 156 3554 1328 3642; baseline -0.003 -21"><span class='ocrx_word' id='word_1_265' title='bbox 156 3555 370 3642; x_wconf 83' lang='lat' dir='ltr'><strong>grammatici,</strong></span> <span class='ocrx_word' id='word_1_266' title='bbox 383 3556 421 3619; x_wconf 91' lang='lat' dir='ltr'><strong>de</strong></span> <span class='ocrx_word' id='word_1_267' title='bbox 441 3578 504 3640; x_wconf 90' lang='lat' dir='ltr'><strong>qua</strong></span> <span class='ocrx_word' id='word_1_268' title='bbox 522 3577 557 3620; x_wconf 94' lang='lat' dir='ltr'><strong>re</strong></span> <span class='ocrx_word' id='word_1_269' title='bbox 576 3578 673 3639; x_wconf 89' lang='lat' dir='ltr'><strong>supra</strong></span> <span class='ocrx_word' id='word_1_270' title='bbox 691 3555 796 3619; x_wconf 85' lang='lat' dir='ltr'><strong>fusius</strong></span> <span class='ocrx_word' id='word_1_271' title='bbox 814 3555 1048 3639; x_wconf 84' lang='lat' dir='ltr'><strong>disputavimus</strong></span> <span class='ocrx_word' id='word_1_272' title='bbox 1066 3578 1096 3639; x_wconf 93' lang='lat' dir='ltr'><strong>p.</strong></span> <span class='ocrx_word' id='word_1_273' title='bbox 1111 3554 1328 3619; x_wconf 81' lang='lat' dir='ltr'><strong>41.-Porro</strong></span> 
     </span>
     <span class='ocr_line' id='line_1_32' title="bbox 155 3661 1328 3748; baseline -0.003 -20"><span class='ocrx_word' id='word_1_274' title='bbox 155 3667 231 3728; x_wconf 90' lang='lat' dir='ltr'><strong>sunt</strong></span> <span class='ocrx_word' id='word_1_275' title='bbox 253 3662 361 3727; x_wconf 91' lang='lat' dir='ltr'><strong>Procli</strong></span> <span class='ocrx_word' id='word_1_276' title='bbox 383 3685 412 3746; x_wconf 88' lang='lat' dir='ltr'><strong>p.</strong></span> <span class='ocrx_word' id='word_1_277' title='bbox 433 3661 513 3748; x_wconf 89' lang='grc'><em>345,</em></span> <span class='ocrx_word' id='word_1_278' title='bbox 533 3661 677 3747; x_wconf 86' lang='grc'><em>1-346,</em></span> <span class='ocrx_word' id='word_1_279' title='bbox 696 3663 753 3748; x_wconf 86' lang='grc'><em>25,</em></span> <span class='ocrx_word' id='word_1_280' title='bbox 775 3663 851 3728; x_wconf 88' lang='lat' dir='ltr'><strong>licet</strong></span> <span class='ocrx_word' id='word_1_281' title='bbox 873 3663 976 3727; x_wconf 90' lang='lat' dir='ltr'><strong>multa</strong></span> <span class='ocrx_word' id='word_1_282' title='bbox 999 3685 1056 3746; x_wconf 92' lang='lat' dir='ltr'><strong>per</strong></span> <span class='ocrx_word' id='word_1_283' title='bbox 1079 3664 1186 3738; x_wconf 75' lang='grc' dir='ltr'><em>ἄλλος</em></span> <span class='ocrx_word' id='word_1_284' title='bbox 1209 3661 1328 3724; x_wconf 91' lang='lat' dir='ltr'><strong>disiun-</strong></span> 
     </span>
     <span class='ocr_line' id='line_1_33' title="bbox 154 3767 1328 3856; baseline -0.004 -21"><span class='ocrx_word' id='word_1_285' title='bbox 154 3773 288 3856; x_wconf 84' lang='lat' dir='ltr'><strong>gantur,</strong></span> <span class='ocrx_word' id='word_1_286' title='bbox 316 3792 334 3834; x_wconf 92' lang='lat' dir='ltr'><strong>a</strong></span> <span class='ocrx_word' id='word_1_287' title='bbox 362 3769 480 3854; x_wconf 91' lang='lat' dir='ltr'><strong>quibus</strong></span> <span class='ocrx_word' id='word_1_288' title='bbox 508 3769 650 3854; x_wconf 82' lang='lat' dir='ltr'><strong>disiungi</strong></span> <span class='ocrx_word' id='word_1_289' title='bbox 680 3789 748 3834; x_wconf 92' lang='lat' dir='ltr'><strong>non</strong></span> <span class='ocrx_word' id='word_1_290' title='bbox 774 3774 920 3853; x_wconf 81' lang='lat' dir='ltr'><strong>possunt.</strong></span> <span class='ocrx_word' id='word_1_291' title='bbox 969 3769 1119 3833; x_wconf 85' lang='lat' dir='ltr'><strong>Fortasse</strong></span> <span class='ocrx_word' id='word_1_292' title='bbox 1146 3767 1244 3831; x_wconf 89' lang='lat' dir='ltr'><strong>etiam</strong></span> <span class='ocrx_word' id='word_1_293' title='bbox 1271 3767 1328 3831; x_wconf 89' lang='lat' dir='ltr'><strong>illa</strong></span> 
     </span>
     <span class='ocr_line' id='line_1_34' title="bbox 155 3874 1327 3961; baseline -0.001 -21"><span class='ocrx_word' id='word_1_294' title='bbox 155 3878 300 3960; x_wconf 89' lang='lat' dir='ltr'><strong>exempla</strong></span> <span class='ocrx_word' id='word_1_295' title='bbox 323 3898 362 3941; x_wconf 90' lang='lat' dir='ltr'><strong>ex</strong></span> <span class='ocrx_word' id='word_1_296' title='bbox 384 3897 492 3940; x_wconf 89' lang='lat' dir='ltr'><strong>rerum</strong></span> <span class='ocrx_word' id='word_1_297' title='bbox 514 3879 679 3961; x_wconf 85' lang='lat' dir='ltr'><strong>gestarum</strong></span> <span class='ocrx_word' id='word_1_298' title='bbox 701 3876 856 3940; x_wconf 89' lang='lat' dir='ltr'><strong>memoria</strong></span> <span class='ocrx_word' id='word_1_299' title='bbox 878 3875 995 3961; x_wconf 87' lang='lat' dir='ltr'><strong>petita,</strong></span> <span class='ocrx_word' id='word_1_300' title='bbox 1022 3897 1103 3960; x_wconf 89' lang='lat' dir='ltr'><strong>quae</strong></span> <span class='ocrx_word' id='word_1_301' title='bbox 1126 3874 1242 3940; x_wconf 82' lang='lat' dir='ltr'><strong>Taetza</strong></span> <span class='ocrx_word' id='word_1_302' title='bbox 1264 3897 1327 3939; x_wconf 91' lang='lat' dir='ltr'><strong>ser-</strong></span> 
     </span>
     <span class='ocr_line' id='line_1_35' title="bbox 155 3982 1327 4068; baseline -0.003 -20"><span class='ocrx_word' id='word_1_303' title='bbox 155 3985 243 4048; x_wconf 90' lang='lat' dir='ltr'><strong>vavit</strong></span> <span class='ocrx_word' id='word_1_304' title='bbox 266 4006 296 4067; x_wconf 95' lang='lat' dir='ltr'><strong>p.</strong></span> <span class='ocrx_word' id='word_1_305' title='bbox 315 3983 396 4068; x_wconf 80' lang='lat'><strong>347,</strong></span> <span class='ocrx_word' id='word_1_306' title='bbox 421 3987 501 4047; x_wconf 88' lang='lat' dir='ltr'><strong>nota</strong></span> <span class='ocrx_word' id='word_1_307' title='bbox 526 3982 622 4047; x_wconf 92' lang='lat' dir='ltr'><strong>nobis</strong></span> <span class='ocrx_word' id='word_1_308' title='bbox 650 3982 715 4047; x_wconf 90' lang='lat' dir='ltr'><strong>iam</strong></span> <span class='ocrx_word' id='word_1_309' title='bbox 742 3983 795 4047; x_wconf 91' lang='lat' dir='ltr'><strong>via</strong></span> <span class='ocrx_word' id='word_1_310' title='bbox 822 4006 841 4046; x_wconf 89' lang='lat' dir='ltr'><strong>a</strong></span> <span class='ocrx_word' id='word_1_311' title='bbox 867 3982 1040 4047; x_wconf 89' lang='lat' dir='ltr'><strong>Plutarcho</strong></span> <span class='ocrx_word' id='word_1_312' title='bbox 1064 3982 1105 4047; x_wconf 95' lang='lat' dir='ltr'><strong>ad</strong></span> <span class='ocrx_word' id='word_1_313' title='bbox 1126 3982 1327 4068; x_wconf 90' lang='lat' dir='ltr'><strong>Proclum,a</strong></span> 
     </span>
     <span class='ocr_line' id='line_1_36' title="bbox 154 4088 925 4156; baseline -0.005 -2"><span class='ocrx_word' id='word_1_314' title='bbox 154 4088 268 4156; x_wconf 82' lang='lat' dir='ltr'><strong>Pmolo</strong></span> <span class='ocrx_word' id='word_1_315' title='bbox 292 4091 333 4155; x_wconf 88' lang='lat' dir='ltr'><strong>ad</strong></span> <span class='ocrx_word' id='word_1_316' title='bbox 355 4088 504 4155; x_wconf 83' lang='lat' dir='ltr'><strong>Tzetzem</strong></span> <span class='ocrx_word' id='word_1_317' title='bbox 526 4093 691 4153; x_wconf 92' lang='lat' dir='ltr'><strong>venerunt.</strong></span> <span class='ocrx_word' id='word_1_318' title='bbox 923 4099 925 4103; x_wconf 80' lang='grc'>’</span> 
     </span>
    </p>

    <p class='ocr_par' dir='ltr' id='par_1_5' title="bbox 154 4195 1327 4496">
     <span class='ocr_line' id='line_1_37' title="bbox 244 4195 1327 4283; baseline -0.003 -23"><span class='ocrx_word' id='word_1_319' title='bbox 244 4196 336 4273; x_wconf 80' lang='lat' dir='ltr'><strong>Quod</strong></span> <span class='ocrx_word' id='word_1_320' title='bbox 363 4196 509 4281; x_wconf 89' lang='lat' dir='ltr'><strong>sequitur</strong></span> <span class='ocrx_word' id='word_1_321' title='bbox 537 4195 696 4260; x_wconf 92' lang='lat' dir='ltr'><strong>scholium</strong></span> <span class='ocrx_word' id='word_1_322' title='bbox 723 4197 763 4261; x_wconf 89' lang='lat' dir='ltr'><strong>ad</strong></span> <span class='ocrx_word' id='word_1_323' title='bbox 792 4219 821 4261; x_wconf 81' lang='lat' dir='ltr'><strong>v.</strong></span> <span class='ocrx_word' id='word_1_324' title='bbox 840 4196 920 4283; x_wconf 80' lang='lat'><strong>597,</strong></span> <span class='ocrx_word' id='word_1_325' title='bbox 937 4220 967 4281; x_wconf 92' lang='lat' dir='ltr'><strong>p.</strong></span> <span class='ocrx_word' id='word_1_326' title='bbox 987 4197 1069 4283; x_wconf 85' lang='grc'><em>348,</em></span> <span class='ocrx_word' id='word_1_327' title='bbox 1087 4196 1230 4280; x_wconf 80' lang='grc'><em>15-28,</em></span> <span class='ocrx_word' id='word_1_328' title='bbox 1254 4216 1327 4277; x_wconf 93' lang='lat' dir='ltr'><strong>sup-</strong></span> 
     </span>
     <span class='ocr_line' id='line_1_38' title="bbox 154 4300 1326 4389; baseline -0.005 -20"><span class='ocrx_word' id='word_1_329' title='bbox 154 4303 306 4389; x_wconf 91' lang='lat' dir='ltr'><strong>plendum</strong></span> <span class='ocrx_word' id='word_1_330' title='bbox 324 4306 373 4368; x_wconf 87' lang='lat' dir='ltr'><strong>est</strong></span> <span class='ocrx_word' id='word_1_331' title='bbox 389 4303 501 4369; x_wconf 92' lang='lat' dir='ltr'><strong>multis</strong></span> <span class='ocrx_word' id='word_1_332' title='bbox 516 4302 695 4366; x_wconf 83' lang='lat' dir='ltr'><strong>Taetzianis</strong></span> <span class='ocrx_word' id='word_1_333' title='bbox 704 4325 734 4386; x_wconf 92' lang='lat' dir='ltr'><strong>p.</strong></span> <span class='ocrx_word' id='word_1_334' title='bbox 746 4302 820 4386; x_wconf 88' lang='grc'><em>349,</em></span> <span class='ocrx_word' id='word_1_335' title='bbox 834 4302 909 4389; x_wconf 88' lang='grc'><em>350,</em></span> <span class='ocrx_word' id='word_1_336' title='bbox 923 4303 956 4366; x_wconf 94' lang='lat' dir='ltr'><strong>id</strong></span> <span class='ocrx_word' id='word_1_337' title='bbox 971 4302 1056 4388; x_wconf 90' lang='lat' dir='ltr'><strong>quod</strong></span> <span class='ocrx_word' id='word_1_338' title='bbox 1072 4302 1174 4385; x_wconf 90' lang='lat' dir='ltr'><strong>ipsius</strong></span> <span class='ocrx_word' id='word_1_339' title='bbox 1193 4300 1326 4364; x_wconf 82' lang='lat' dir='ltr'><strong>Taetaae</strong></span> 
     </span>
     <span class='ocr_line' id='line_1_39' title="bbox 155 4405 1326 4496; baseline -0.005 -19"><span class='ocrx_word' id='word_1_340' title='bbox 155 4409 262 4478; x_wconf 86' lang='lat' dir='ltr'><strong>verbis</strong></span> <span class='ocrx_word' id='word_1_341' title='bbox 285 4409 525 4476; x_wconf 88' lang='lat' dir='ltr'><strong>commendatur</strong></span> <span class='ocrx_word' id='word_1_342' title='bbox 543 4433 574 4494; x_wconf 88' lang='lat' dir='ltr'><strong>p.</strong></span> <span class='ocrx_word' id='word_1_343' title='bbox 593 4408 668 4496; x_wconf 89' lang='grc'><em>349,</em></span> <span class='ocrx_word' id='word_1_344' title='bbox 683 4410 716 4475; x_wconf 89' lang='lat'><strong>8:</strong></span> <span class='ocrx_word' id='word_1_345' title='bbox 740 4409 758 4475; x_wconf 83' lang='grc' dir='ltr'>ὁ</span> <span class='ocrx_word' id='word_1_346' title='bbox 782 4411 887 4494; x_wconf 78' lang='grc' dir='ltr'><em>σοφὸς</em></span> <span class='ocrx_word' id='word_1_347' title='bbox 905 4413 1078 4495; x_wconf 77' lang='grc' dir='ltr'><em>Πρόκλος.</em></span> <span class='ocrx_word' id='word_1_348' title='bbox 1094 4461 1101 4474; x_wconf 87' lang='grc'><strong>.</strong></span> <span class='ocrx_word' id='word_1_349' title='bbox 1115 4410 1155 4474; x_wconf 80' lang='grc' dir='ltr'><strong>τὰ</strong></span> <span class='ocrx_word' id='word_1_350' title='bbox 1170 4459 1176 4473; x_wconf 94' lang='grc'><strong>.</strong></span> <span class='ocrx_word' id='word_1_351' title='bbox 1192 4458 1198 4472; x_wconf 95' lang='grc'><strong>.</strong></span> <span class='ocrx_word' id='word_1_352' title='bbox 1214 4405 1326 4494; x_wconf 75' lang='grc' dir='ltr'><em>ἐξηγή-</em></span> 
     </span>
    </p>
   </div>
   <div class='ocr_carea' id='block_1_5' title="bbox 0 0 1490 4980">
    <p class='ocr_par' dir='ltr' id='par_1_6' title="bbox 0 0 1490 4980">
     <span class='ocr_line' id='line_1_40' title="bbox 0 0 1490 4980; baseline 0 1"><span class='ocrx_word' id='word_1_353' title='bbox 0 0 1490 4980; x_wconf 95' lang='lat' dir='ltr'><strong> </strong></span> 
     </span>
    </p>
   </div>
  </div>
 </body>
</html>
