2970 4980
532 279 624 349 Opera
642 278 738 348 qualia
755 277 831 333 lecta
849 278 913 333 sint.
1268 278 1308 342 13

139 443 249 508 buisse
276 442 558 527 inconsideratius,
584 442 674 507 nulla
697 442 760 506 alia
783 463 877 507 causa
900 445 1007 506 motos
1033 441 1097 505 uisi
1125 441 1200 526 quia
1227 463 1310 507 acce-

139 553 253 634 perant
276 549 369 614 illum
392 549 489 614 huius
513 549 700 632 disciplinae
724 571 885 613 summum
907 548 1008 612 fuisse
1032 551 1194 613 auctorem
1213 552 1309 633 atque

137 657 338 742 magistrum.
375 657 449 720 Duo
473 656 603 721 omnino
629 659 705 720 sunt
728 655 908 740 fragmenta
922 654 1054 738 Ἔργων
1071 655 1252 739 Μεγάλων,
1271 656 1309 719 de

139 758 257 847 quibus
276 763 419 828 dubitari
437 763 560 847 nequit,
578 785 678 826 unum
692 762 777 845 apud
790 759 1000 826 Aristotelem
1007 759 1043 847 1),
1057 761 1193 825 alterum
1207 784 1310 826 serva-

138 873 209 934 tum
228 871 268 935 ab
289 870 422 954 antiquo
442 869 617 934 scholiasta
636 869 676 933 ad
695 866 752 952 Op.
771 891 799 933 v.
821 869 884 932 126
905 866 957 955 (fr.
977 865 1136 953 201111).
1172 867 1310 952 Reliqua

139 1000 157 1041 a
174 975 281 1042 Plinio
302 977 438 1060 aliisque
455 979 632 1040 memorata
648 975 736 1039 illius
753 978 830 1039 sunt
844 974 988 1060 originis,
1007 997 1103 1058 quam
1118 972 1245 1040 Sittlius
1259 976 1309 1040 de-

138 1084 339 1148 monstravit.
376 1082 470 1149 Nihil
487 1083 560 1146 inde
580 1082 712 1166 adeam,
733 1103 814 1165 quae
828 1081 994 1165 proposita
1008 1085 1067 1167 est,
1081 1082 1308 1165 quaestionem.

226 1189 296 1254 Iam
313 1191 415 1274 igitur
437 1189 596 1253 affirmare
614 1189 699 1274 licet,
723 1188 810 1272 quod
827 1188 921 1252 initio
941 1188 1117 1274 posuimus,
1138 1188 1222 1253 nihil
1240 1211 1309 1254 esse

139 1297 223 1381 apud
247 1298 398 1380 antiquos
423 1295 609 1380 scriptores,
637 1316 700 1379 quo
724 1294 870 1378 impediti
893 1316 959 1359 non
986 1295 1149 1359 credamus
1177 1297 1217 1361 ab
1243 1297 1309 1361 illis

139 1426 280 1489 carmen,
314 1404 342 1468 si
375 1403 504 1487 quidem
531 1402 663 1486 respicis
691 1402 731 1466 ad
758 1402 901 1487 integras
928 1405 1036 1484 partes
1064 1402 1309 1487 universamque

139 1511 413 1595 compositionem,
436 1510 483 1574 ita
506 1509 572 1573 fere
594 1508 713 1573 lectum
736 1530 815 1593 esse,
837 1512 875 1572 ut
897 1529 982 1572 nunc
1005 1532 1024 1572 a
1045 1509 1149 1573 nobis.

705 1704 735 1768 4.

226 1831 288 1897 Vel
307 1853 346 1895 ex
364 1831 420 1895 illo
441 1829 656 1913 celeberrimo,
675 1851 770 1913 quem
789 1851 885 1913 supra
902 1828 1113 1914 laudavimus,
1131 1828 1309 1897 Pausaniae

138 1937 207 2003 loco
232 1937 341 2021 eluxit,
365 1938 400 2001 in
423 1936 615 2020 quibusdam
642 1936 876 2019 exemplaribus
895 1936 1037 2019 antiquis
1056 1935 1096 1999 ad
1114 1941 1310 2021 postremam

139 2048 263 2127 partem
289 2043 387 2108 huius
415 2043 565 2107 carminis
589 2043 688 2107 fuisse
712 2043 867 2126 quaedam
890 2042 1045 2106 adiuncta.
1093 2040 1156 2107 Sed
1178 2046 1308 2130 gravius

139 2151 176 2216 de
199 2151 308 2216 eadem
331 2172 365 2214 re
389 2154 494 2215 exstat
517 2150 741 2214 testimonium
763 2151 881 2214 veteris
911 2147 1147 2236 scholiastae2):
1179 2154 1310 2230 τούτοις

34 2313 36 2316 ,
140 2257 171 2323 d’
202 2258 365 2341 ἐπάγουσί
387 2281 477 2334 τινες
503 2258 564 2340 τὴν
588 2255 898 2343 ’caementata
927 2258 1023 2322 ἅτινα
1049 2254 1308 2336 Ἀπολλώνιοςὸ
1397 2335 1402 2342 ¹

136 2361 260 2441 Ῥόδιος
284 2365 405 2430 ἀθετεῖ.
441 2363 580 2447 Propter
603 2365 709 2447 ἅτινα,
732 2363 819 2447 quod
836 2363 1008 2447 respondet
1025 2362 1227 2428 Pausaniano
1247 2365 1309 2430 doc
1372 2396 1375 2400 “

138 2470 172 2534 111
198 2470 306 2535 verbis
334 2471 394 2536 ὅσα
423 2469 476 2536 ἐπὶ
494 2469 629 2556 Ἔργοις
656 2493 690 2534 τε
719 2468 773 2535 καὶ
793 2468 962 2556 Ἡμέραις,
985 2469 1152 2533 dicendum
1175 2473 1225 2535 est
1253 2475 1308 2535 aut

138 2575 173 2639 in
205 2576 327 2641 scholio
357 2577 479 2661 aliquid
506 2576 673 2661 excidisse,
707 2599 753 2642 ex.
783 2598 828 2663 gr.
860 2574 1043 2662 1101Ἔογο
1075 2576 1215 2660 μεγάλα,
1252 2582 1308 2642 aut

136 2680 430 2768 Ὀρνιθομαντείαν
458 2684 558 2748 fuisse
586 2683 642 2747 illa
670 2686 730 2766 ἔπη
758 2684 913 2768 peccand,
946 2704 1081 2767 quorum
1109 2704 1231 2747 memor
1259 2687 1308 2747 est

138 2788 323 2873 Pausanias,
346 2794 383 2855 ut
407 2790 530 2855 adhoc
552 2812 670 2854 nomen
692 2790 774 2853 illud
797 2790 857 2854 ὅσα
880 2794 912 2855 et
935 2789 997 2854 hoo
1020 2791 1115 2854 ἅτινα
1137 2790 1307 2872 pertinent.

138 2893 222 2959 Utut
244 2895 306 2960 hoc
329 2901 388 2984 est,
411 2898 446 2961 in
470 2920 506 2961 ea
529 2919 610 2981 quae
634 2901 739 2961 exstat
762 2898 945 2961 recensione
968 2896 1025 2961 illa
1047 2918 1113 2961 non
1136 2896 1260 2961 adsunt.

226 3001 439 3068 Transeamus
463 3003 536 3068 inde
560 3004 600 3068 ad
622 3026 779 3088 papyrum
802 3002 1022 3069 Navillianum
1047 3001 1111 3090 (B).
1149 3002 1309 3079 Quattuor

138 3129 239 3173 novos
258 3132 370 3175 versus
389 3111 425 3175 in
442 3110 545 3175 lucem
564 3111 709 3195 protulit,
733 3110 851 3194 quibus
869 3110 1047 3175 necessario
1067 3110 1308 3196 coniungendus

140 3216 270 3297 quintus
291 3215 332 3303 (v.
354 3215 442 3303 169),
461 3218 518 3300 qui
535 3217 696 3281 immerito
719 3217 755 3280 in
773 3216 900 3301 vulgari
917 3217 1101 3281 recensione
1118 3217 1251 3303 legitur3
1274 3219 1309 3282 in

139 3322 270 3405 reliquis
290 3344 417 3406 quoque
436 3345 586 3409 magnam
604 3323 752 3389 lectionis
768 3323 956 3387 varietatem
969 3322 1075 3389 habet.
1112 3322 1307 3411 Diodorus³)

139 3428 173 3491 in
190 3428 357 3493 laudandis
376 3430 522 3494 versibus
539 3431 712 3495 111-119
731 3430 862 3516 longius
881 3430 999 3494 recedit
1016 3431 1188 3516 avulgata,
1207 3454 1307 3495 unum

140 3555 265 3599 versum
284 3536 412 3600 aliunde
431 3538 561 3602 omnino
580 3539 729 3623 ignotum
743 3536 839 3601 addit.
873 3535 1026 3622 Origenes
1041 3559 1152 3601 versus
1166 3536 1307 3622 53-82,

140 3640 269 3708 90—98
294 3643 437 3708 diversos
462 3668 480 3709 a
499 3644 661 3709 codicibus
680 3642 849 3708 Hesiodeis
869 3643 1047 3729 adscripsit,
1070 3647 1224 3727 quattuor
1241 3666 1307 3709 non

139 3786 350 3801 ’Ἃ-

228 3875 253 3941 1)
272 3871 363 3926 Ethic.
391 3871 499 3927 Nicom.
519 3878 544 3941 ὅ,
564 3879 588 3927 8.
630 3872 670 3927 cf.
699 3872 736 3927 ad
763 3872 838 3926 hunc
865 3873 958 3926 locum
986 3871 1093 3928 scholia
1121 3873 1150 3926 et
1176 3872 1305 3927 Michael.

139 3957 253 4028 Ephesii
276 3960 330 4032 (ed.
350 3961 482 4032 Berclin.)
507 3964 535 4015 et
559 3961 691 4031 anonymi
715 3961 874 4031 cuiusdam,
898 3979 970 4030 quae
991 3961 1140 4016 ediderunt
1157 3961 1258 4016 Rosius
1278 3964 1307 4015 et

140 4046 303 4116 Bywaterus
326 4049 357 4103 in
379 4049 499 4104 Hermae
525 4050 616 4106 1015
640 4070 667 4121 p.
683 4056 743 4105 357.
784 4050 924 4105 Disseruit
946 4052 981 4105 de
1004 4051 1057 4105 hae
1079 4066 1109 4104 re
1127 4050 1306 4104 Ludvvichius

141 4135 329 4205 „Jahrbfioher
346 4138 365 4194 f.
385 4139 476 4193 Ρ1111.“
497 4144 566 4193 1874
584 4158 611 4209 p,
631 4147 682 4194 457
694 4158 733 4208 sq.
772 4139 811 4194 of.
831 4139 929 4210 fragm.
946 4146 997 4195 198
1015 4140 1064 4195 uz.

227 4231 253 4298 2)
272 4227 316 4280 Ad
336 4227 386 4296 Op.
405 4246 430 4283 v.
451 4233 503 4282 828
521 4228 566 4297 (cf.
587 4229 622 4282 de
640 4229 694 4283 hac
712 4245 742 4283 re
760 4229 849 4281 fusius
868 4229 943 4284 infra
962 4247 1021 4299 cap.
1040 4230 1066 4282 Π
1083 4231 1155 4298 part.
1171 4233 1205 4298 9).

227 4319 254 4386 3)
272 4316 409 4371 Abstinco
433 4316 469 4371 ab
492 4317 652 4372 indicandis
676 4318 758 4386 locis,
782 4320 814 4371 ut
832 4317 881 4385 qui
899 4321 980 4388 parte
998 4319 1084 4373 tertia
1102 4318 1185 4371 huius
1204 4317 1305 4371 disser-

139 4403 255 4459 tationis
274 4404 432 4459 accuratius
451 4422 510 4460 rem
529 4406 582 4460 sim
600 4409 780 4462 tractaturus.
883 4427 885 4430 ·
