2970 4980
208 293 271 358 146
441 291 573 362 Didymei
593 292 629 345 ad
650 292 743 362 Opera
762 290 956 346 commentarii
973 291 1140 362 fragmenta.

206 456 384 543 γράφοιτο,
423 459 575 541 σημαίνει
607 457 667 521 τὸν
699 459 881 533 ποικίλας
914 456 1096 540 εἰληχότα
1128 449 1388 536 νοήσεις“κτὲ.

205 562 293 628 Haec
317 564 424 628 omnia
448 584 465 626 e
487 561 680 627 Plutarcheo
704 562 933 626 commentario
958 562 1117 645 exscripta
1144 582 1214 625 esse
1241 558 1387 623 vidimus

206 691 304 754 supra
326 692 356 754 p.
378 668 450 732 100.
503 667 566 733 Sed
594 669 773 755 quaeritur,
799 669 883 733 unde
910 667 1103 734 Plutarchus
1125 667 1210 732 hanc
1232 665 1388 730 lectionis

206 778 395 841 varietatem
412 776 595 860 sumpserit,
610 777 665 860 qui
679 796 844 860 nunquam
858 775 896 840 de
910 775 1031 840 talibus
1045 775 1141 840 rebus
1154 794 1259 858 neque
1274 776 1387 858 ageret

204 903 308 965 neque
334 886 446 966 posset
480 903 586 967 agere,
619 883 737 967 quippe
766 883 823 967 qui
851 904 916 947 non
944 882 1064 967 legeret
1087 880 1387 945 Alexandrinorum

207 989 463 1073 commentarios,
486 1011 589 1073 neque
611 990 646 1053 in
669 989 843 1073 exemplari
866 1011 925 1054 suo
949 1011 1020 1053 eam
1037 989 1206 1072 inveniret,
1228 987 1288 1051 ubi
1306 986 1389 1051 talia

208 1095 345 1159 adscribi
368 1117 434 1159 non
457 1095 612 1160 solebant.
657 1095 745 1160 Fons
768 1118 843 1161 vero
867 1096 936 1161 eius
959 1095 1073 1160 dubito
1102 1117 1143 1160 an
1169 1094 1269 1159 fuerit
1293 1093 1388 1157 locus

207 1201 321 1266 similis
350 1201 555 1288 Theogoniae
579 1200 621 1290 (v.
640 1200 722 1290 496)
749 1203 784 1266 in
812 1226 848 1268 ea
875 1207 967 1288 parte
990 1202 1152 1289 carminis,
1174 1223 1257 1286 quae
1281 1200 1388 1286 partis

205 1308 302 1373 huius
327 1307 469 1393 Operum
497 1331 622 1393 semper
649 1309 819 1374 videbatur
847 1309 1019 1374 simillima.
1065 1308 1130 1374 Ubi
1156 1308 1329 1394 legebatur
1353 1307 1390 1371 in

206 1413 399 1479 Plutarcheo
428 1415 611 1500 exemplari,
641 1415 704 1480 nisi
729 1415 836 1480 omnia
858 1438 909 1480 me
932 1415 1063 1502 fallunt,
1091 1415 1323 1500 ἀγκυλομήτης
1348 1413 1390 1479 ad

207 1520 392 1586 Promethei
406 1544 523 1586 nomen
538 1522 691 1606 additum,
707 1526 819 1587 contra
833 1522 868 1585 in
882 1522 1023 1606 Operum
1037 1543 1131 1586 versu
1145 1523 1390 1607 ποικιλόμητις.

204 1627 267 1692 His
295 1629 380 1693 inter
409 1651 442 1693 se
470 1629 663 1713 comparatis
691 1629 832 1693 malebat
863 1632 1000 1713 utroque
1027 1627 1207 1694 consentire
1229 1627 1304 1692 loco
1329 1628 1391 1704 τὰς

204 1737 437 1820 παραλλήλους
468 1758 547 1820 quas
577 1740 670 1800 vocat
695 1733 841 1799 Sittelius
863 1736 898 1800 in
921 1735 1151 1800 commentario
1174 1733 1392 1819 ἀντιγραφάς

205 1841 353 1926 idemque
377 1841 555 1925 epithetum
579 1842 680 1905 tribui
702 1841 904 1907 Prometheo.
950 1839 1063 1925 Neque
1087 1841 1206 1905 mirum
1228 1862 1305 1904 eum
1326 1839 1391 1904 ele

205 1949 290 2033 gisae
314 1949 550 2036 ἀγκυλομήτης.
590 1947 794 2012 Vocabulum
816 1952 1045 2034 ποικιλόμητις
1066 1969 1134 2012 non
1157 1947 1392 2011 inveniebatur

205 2054 277 2136 aliis
299 2054 380 2118 locis
400 2053 484 2137 apud
502 2053 681 2119 Hesiodum
700 2059 731 2118 et
749 2053 911 2120 Homerus
931 2077 1059 2140 quoque
1077 2054 1217 2118 malebat
1237 2060 1392 2120 ποικιλο-

205 2162 308 2246 μήτης
326 2161 429 2225 dicere
438 2159 476 2247 1);
496 2166 609 2225 contra
628 2161 858 2246 ἀγκυλομήτης
875 2162 961 2246 apud
974 2167 1147 2246 utrumque
1153 2158 1178 2249 2)
1194 2161 1391 2246 saepissime

204 2267 373 2353 legebatur
405 2271 503 2352 atque
536 2268 569 2332 id
602 2268 750 2333 omnibus
782 2268 862 2333 locis
896 2269 1075 2355 epithetum
1104 2266 1210 2333 Groni.
1270 2267 1392 2334 Voluit

206 2379 321 2462 autem,
345 2378 382 2440 ut
402 2397 500 2459 supra
518 2374 667 2459 vidimus,
684 2374 877 2440 Plutarchus
896 2374 1123 2441 Prometheum
1140 2378 1292 2461 Κρόνιόν
1310 2401 1392 2442 τινα

205 2481 316 2546 facere.
372 2480 443 2546 Hoc
471 2482 578 2546 studio
606 2481 804 2566 adaequandi
833 2482 913 2546 ahos
942 2504 1069 2567 quoque
1092 2482 1205 2546 ductos
1228 2504 1291 2546 suo
1314 2482 1392 2548 loco

205 2587 383 2652 videbimus
413 2593 459 2673 et,
484 2589 548 2653 nisi
571 2611 632 2654 nos
656 2589 763 2653 omnia
786 2588 919 2676 fallunt,
940 2611 980 2653 ne
1002 2588 1160 2672 Didymus
1189 2588 1322 2672 quidem
1348 2591 1391 2655 ab

206 2693 251 2757 eis
270 2694 491 2780 dissentiebat,
515 2696 550 2759 id
568 2695 655 2780 quod
678 2695 734 2758 illa
757 2696 1040 2780 ipsaexplicatione
1061 2694 1238 2779 particulae
1262 2696 1329 2781 ἀρα
1355 2696 1391 2760 in

205 2823 300 2865 versu
311 2802 350 2864 11
364 2799 416 2888 (cf.
433 2824 530 2886 supra
544 2825 574 2886 p.
587 2801 650 2866 126
660 2801 743 2889 sqq.)
755 2802 887 2866 enotuit.
915 2801 1005 2888 Ergo
1019 2801 1057 2866 de
1071 2800 1133 2866 hoc
1144 2824 1275 2886 quoque
1289 2825 1390 2868 versu

207 2931 281 2973 eum
306 2909 523 2993 disputavisse
547 2909 742 2995 crediderim,
765 2909 820 2974 sed
843 2909 920 2992 quid
944 2909 1070 2995 dixerit,
1092 2907 1249 2994 ignotum.
1293 2907 1392 2986 Quod

206 3039 224 3079 a
247 3014 475 3081 Ohoerobosco
494 3040 525 3101 p.
545 3015 597 3103 75,
616 3017 659 3080 22
683 3037 754 3080 cum
778 3013 1037 3103 ἀγκυλομήτηςθ)
1061 3019 1132 3079 tum
1155 3017 1393 3100 ποικιλόμητις

205 3173 359 3242 κνλομήτης
384 3178 412 3228 et
434 3171 628 3244 notariisque
646 3174 761 3227 Proclus
780 3176 809 3227 et
828 3189 890 3225 cum
909 3172 953 3225 his
973 3172 1124 3226 contuleris
1143 3172 1331 3227 Eustathium
1351 3175 1391 3228 ad

206 3261 304 3329 Odyss.
323 3280 350 3330 p.
368 3268 511 3331 1462,18‚
543 3263 592 3330 qui
614 3264 719 3316 bonum
743 3263 777 3315 de
800 3262 855 3316 hac
877 3277 907 3314 re
931 3262 1072 3330 quendam
1095 3261 1316 3332 grammaticum
1341 3279 1390 3317 ex·

206 3349 329 3418 scripsit:
345 3348 398 3419 ὅρα
413 3349 443 3405 δὲ
459 3351 501 3405 ὅτι
516 3350 672 3422 δυνάμενος
686 3350 701 3405 ὁ
715 3350 833 3420 ποιητής
842 3350 1042 3420 ποικιλομήτην
1049 3348 1183 3406 Ὀδυσσέα
1193 3351 1287 3407 εἰπεῖν
1296 3351 1389 3424 (leg02

204 3435 411 3508 ποικιλόμητιν,
434 3456 501 3492 nam
524 3439 617 3493 dixit
640 3457 704 3495 eum
725 3441 811 3509 poeta
834 3439 1047 3509 ποικιλομήτην,
1071 3455 1162 3508 neque
1185 3456 1286 3494 sensus
1310 3440 1391 3496 inest

206 3527 237 3581 in
252 3527 443 3596 sequentibus,
458 3527 483 3581 ai
497 3526 600 3597 -μήτην
614 3528 737 3597 legitur),
757 3525 880 3598 ὁμοίως
898 3533 936 3601 τῷ
956 3527 1097 3598 εάμητιν
1116 3529 1165 3582 καλ
1182 3529 1390 3600 πολύμητιν,

206 3616 278 3686 ὅμως
306 3619 357 3672 οὐκ
386 3617 509 3688 ἔγραφεν
539 3614 637 3684 οὕτως,
662 3616 874 3687 ἐνδεικνύμενος
897 3616 1001 3683 ἐξεῖναι
1023 3618 1072 3670 καὶ
1095 3617 1166 3672 οὕτω
1190 3616 1314 3688 φράζειν
1338 3621 1391 3674 καλ

193 3705 300 3770 οὕτως.
337 3707 369 3761 τὸ
388 3706 440 3778 μὲν
458 3705 579 3775 δηλαδὴ,
599 3705 630 3759 ἐκ
649 3712 698 3759 τοῦ
718 3714 798 3775 μῆτις
816 3706 834 3775 η
854 3704 947 3779 βουλή.
984 3705 1016 3760 τὸ
1035 3703 1080 3774 δέ,
1101 3706 1159 3760 ἀπὸ
1177 3705 1317 3775 κινήσεως
1335 3718 1390 3764 τοῦ

205 3796 283 3863 pride)
307 3793 439 3867 ῥήματος,
461 3795 489 3861 ἐξ
509 3789 542 3849 οὗ
561 3795 608 3848 καλ
628 3793 827 3864 ἀγκυλομήτης.
864 3795 943 3863 idem
960 3795 1019 3848 fere
1038 3795 1110 3848 dixit
1129 3795 1217 3849 etiam
1235 3795 1389 3852 Nauckius

143 3933 146 3937 .
204 3884 327 3954 Melang.
347 3884 590 3940 Gracc-Romaim.
610 3883 649 3938 IV
662 3903 689 3954 p.
706 3872 757 3938 108
767 3902 827 3952 sqq.
868 3883 949 3938 Nihil
967 3883 1043 3937 valet
1060 3883 1338 3940 Pseudo-Philemon
1357 3887 1389 3941 in

204 3972 306 4026 Lexioo
325 3991 352 4042 p.
365 3979 388 4028 5.
405 3974 501 4043 Osan,
521 3991 641 4042 quocum
659 3975 788 4044 pugnant
807 3970 935 4042 exempla
952 3973 1206 4028 vetustissimorum
1223 3977 1388 4045 poetarum,

204 4061 287 4131 ratio,
307 4077 351 4114 ars
370 4063 563 4132 grammatica.

295 4153 321 4221 1)
340 4149 412 4204 Vide
430 4151 560 4206 Euatath.
586 4153 621 4206 ad
648 4151 747 4221 Odyss.
762 4170 788 4221 p.
805 4158 884 4220 1462,
899 4157 946 4221 30,
966 4152 1016 4206 sed
1034 4151 1068 4206 cf.
1089 4151 1209 4222 εάμητις,
1227 4153 1389 4225 πολύμητις

204 4240 282 4307 ibid,
301 4237 461 4310 αἰολόμητις
479 4240 583 4312 Theog.
601 4260 625 4295 v.
641 4247 701 4296 511.

293 4332 320 4399 a)
339 4328 378 4383 cf.
399 4327 578 4399 Theogoniae
597 4349 621 4386 v.
637 4337 679 4400 19,
699 4336 759 4398 τοι,
780 4335 840 4398 ms,
859 4335 920 4398 473,
940 4336 1000 4384 495.

294 4420 320 4489 3)
339 4417 417 4491 Libri
436 4417 570 4473 exhibent
589 4435 623 4473 ex
641 4418 788 4473 iotacismo
807 4418 969 4473 laborantes
988 4418 1180 4490 ἀγκυλομήτις.
