2970 4980
205 326 268 391 122
451 326 492 381 De
510 324 666 381 Aristarchi
684 324 714 379 in
733 324 889 380 Hesiodum
907 322 1121 380 commentariis.

202 492 368 575 Κόμανος,
392 490 511 573 quippe
534 510 630 573 quem
653 487 751 554 Suida
774 492 857 554 teste
881 510 904 554 s.
928 511 956 554 v.
980 491 1106 554 constet
1127 509 1219 554 more
1237 487 1381 575 illorum,

203 597 259 681 qui
282 595 470 662 ἐνστατικοί
490 600 645 660 vocantur
664 592 717 683 (cf.
739 594 849 661 Lehrs.
868 596 907 661 de
924 595 1106 661 Aristarchi
1126 594 1242 661 studiis
1261 593 1382 660 Home·

203 703 278 768 ricis
301 726 330 787 p.
353 704 415 767 199
424 700 496 789 sq.),
519 703 693 768 confecisse
709 702 829 767 librum
848 702 1054 791 προστάσεις,
1072 701 1100 767 si
1119 700 1382 768 Schoemannum

203 831 309 894 opusc.
338 809 423 874 acad.
446 807 496 874 HI
519 832 549 893 p.
568 808 610 873 57
640 810 816 894 sequimur,
844 808 896 874 vel
921 812 1172 897 προτεινόμεναι
1201 808 1382 895 ἐρωτήσεις

201 916 409 1002 inscriptum,
441 917 624 981 acutissime
655 916 738 981 liber
764 915 989 981 Aristarcheus
1020 919 1051 981 et
1080 917 1148 1000 ipse
1180 916 1381 1002 designatur.

202 1022 287 1088 Nam
310 1021 572 1107 praecedentibus
594 1023 646 1088 his
664 1024 787 1089 verbis:
810 1033 908 1090 τοῦτο
928 1020 965 1089 δὲ
983 1021 1038 1088 καὶ
1053 1026 1207 1108 Κόμανος
1218 1075 1224 1087 .
1235 1074 1259 1087 ..
1274 1024 1382 1111 προῦ-

202 1153 289 1195 τεινε
312 1130 419 1216 pergit
442 1130 628 1195 scholiasta:
652 1129 769 1215 φησὶν
791 1125 862 1196 οὖν
884 1128 1104 1218 Ἀρίσταρχος,
1125 1130 1146 1195 i.
1165 1152 1191 1195 e.
1209 1131 1382 1214 respondit

201 1236 424 1326 Aristarchus,
451 1235 593 1303 Oomano
624 1238 745 1302 scilicet
773 1239 807 1303 in
829 1238 927 1323 libro,
955 1259 1051 1322 quem
1072 1239 1185 1302 contra
1208 1257 1283 1301 eum
1306 1258 1382 1302 eon-

202 1346 372 1430 scripserat
400 1346 557 1429 inscripto
584 1346 668 1432 πρὸς
691 1343 895 1431 Κόμανονῑ),
922 1344 960 1409 de
984 1366 1047 1428 quo
1070 1343 1143 1408 ride
1166 1342 1291 1408 scholia
1313 1342 1384 1408 Ho-

204 1453 321 1517 merica
344 1459 376 1517 A
395 1452 451 1540 97,
474 1452 603 1536 13798,
627 1449 785 1540 521102).
840 1450 960 1517 Contra
983 1449 1161 1516 Uomanum
1183 1472 1257 1515 cum
1285 1473 1383 1536 pecu·

200 1559 313 1624 liarem
339 1560 460 1624 librum
487 1558 713 1643 conscripserit
736 1558 961 1644 Aristarchus,
988 1581 1055 1623 non
1077 1558 1113 1622 in
1134 1559 1380 1624 commentariis

202 1666 385 1733 Homericis
415 1666 628 1750 responderit,
657 1665 784 1730 videtur
811 1666 865 1731 ille
889 1665 1116 1750 conscripsisse
1138 1664 1258 1730 librum
1282 1687 1383 1732 suum

202 1778 277 1857 post
304 1772 486 1838 Aristarchi
518 1774 736 1858 ὑπομνήματα
768 1777 800 1838 et
833 1774 1032 1859 διορθώσεις
1063 1771 1266 1860 Homericos,
1301 1795 1382 1860 ergo

204 1880 301 1944 etiam
323 1884 399 1963 post
416 1878 594 1944 Hesiodum
617 1877 781 1968 editum3),
799 1879 1007 1945 Aristarchus
1027 1884 1142 1965 autem,
1160 1882 1197 1944 ut
1216 1879 1382 1946 editiones

203 2008 277 2051 suas
301 1985 495 2071 defenderet,
518 1987 763 2071 responsionum
791 1987 911 2052 librum
938 1987 989 2052 vel
1015 1986 1117 2051 libros
1146 1987 1381 2070 composuisse.

201 2091 461 2177 interrogaverat
480 2098 596 2178 autem,
610 2094 674 2158 nisi
689 2095 797 2159 omnia
809 2117 860 2158 me
874 2094 1002 2181 fallunt,
1015 2091 1176 2159 Comanus
1190 2092 1383 2182 editione,

200 2218 267 2263 non
303 2200 531 2264 commentario
565 2199 746 2265 Aristarchi
782 2223 874 2288 usus,
908 2223 965 2266 cur
1000 2222 1067 2265 non
1098 2199 1268 2265 delevisset
1306 2198 1382 2266 Ari-

203 2305 350 2370 starchus
379 2328 490 2371 versus
513 2306 691 2373 Hesiodeos
716 2306 903 2395 96—984),
935 2308 991 2393 qui
1014 2329 1088 2372 cum
1109 2307 1381 2392 praecedentibus

201 2418 384 2500 pugnarent
411 2418 508 2499 atque
536 2415 637 2480 additi
664 2415 848 2480 viderentur
875 2438 894 2479 a
920 2416 1027 2480 nescio
1056 2436 1133 2501 quo,
1162 2415 1219 2499 qui
1247 2436 1382 2482 omnem

203 2543 292 2604 spem
314 2521 472 2586 noluisset
495 2523 613 2587 auferri
635 2523 836 2608 hominibus3
860 2523 977 2607 quibus
995 2522 1142 2587 versibus
1161 2521 1274 2586 deletis
1295 2524 1380 2608 opti-

200 2649 289 2691 mum
316 2628 387 2692 fieri
415 2629 589 2693 transitum
616 2651 635 2694 a
662 2651 756 2695 versu
782 2629 825 2694 95
853 2629 892 2694 ad
920 2651 1030 2694 versus
1060 2627 1124 2695 100
1134 2648 1202 2712 sqq.
1253 2625 1382 2695 Contra

199 2733 283 2798 hanc
316 2735 525 2822 sententiam,
552 2757 616 2820 qua
637 2737 783 2802 versibus
810 2736 951 2801 delendis
979 2734 1210 2820 interpretandi
1239 2734 1380 2802 difficul-

199 2844 283 2905 tates
312 2841 425 2907 tollere
457 2842 635 2930 studerent,
664 2843 841 2927 disputavit
872 2841 965 2908 credo
989 2841 1196 2909 Aristarchus
1220 2845 1321 2926 atque
1344 2843 1379 2908 id

200 2970 324 3013 summo
362 2949 439 3014 iure.
499 2948 649 3016 Pervenit
683 2953 791 3015 autem
826 2950 895 3014 eius
934 2949 1110 3017 sententiae
1146 2947 1304 3014 memoria
1342 2950 1377 3015 in

199 3059 307 3120 vetera
331 3055 453 3121 scholia
477 3078 515 3121 ex
533 3055 666 3141 Didymi
687 3057 804 3122 harum
825 3078 933 3122 rerum
956 3055 1143 3141 peritissimi
1162 3055 1282 3121 dehoc
1301 3056 1376 3123 loco

272 3303 298 3370 1)
317 3298 448 3370 Κόμανος
458 3301 558 3370 (taisi,
573 3303 624 3357 sed
638 3302 725 3357 etiam
738 3301 869 3374 Κομανός
887 3303 932 3358 vel
946 3304 1083 3372 Κώμανος
1097 3304 1191 3358 exstat
1204 3302 1235 3357 in
1249 3303 1375 3374 scholiis,

198 3405 250 3444 nec
273 3406 331 3444 non
352 3389 522 3445 recentiores
546 3391 636 3445 critici
659 3391 737 3446 varia
758 3394 771 3447 t
794 3391 824 3445 in
847 3392 994 3446 scribendo
1017 3390 1138 3447 nomine.
1176 3392 1317 3462 Κώμανος
1334 3393 1376 3449 vi·
1464 3385 1467 3391 ’

199 3477 281 3531 detur
299 3477 375 3532 tradi
394 3477 424 3530 in
439 3478 554 3532 scholiis
567 3478 684 3534 Venetis
698 3480 866 3550 Homericis3
886 3498 1005 3549 quorum
1018 3497 1075 3535 non
1089 3480 1280 3535 dubitaverim
1295 3482 1376 3552 sequi

199 3566 404 3623 auctoritatem.

271 3658 299 3728 2)
318 3656 358 3712 cf.
378 3673 489 3726 quoque
508 3657 662 3725 Lehrsium,
682 3658 717 3712 de
732 3658 815 3713 Arist.
832 3659 904 3714 stud.
919 3659 999 3714 Hom.
1014 3678 1041 3730 p.
1057 3664 1091 3714 20
1102 3677 1152 3729 sq,
1170 3659 1374 3732 Ludwichium,

197 3745 282 3801 Arist.
307 3747 380 3801 hom.
404 3745 541 3800 Texthn't.
561 3746 574 3799 I
591 3764 618 3816 p.
634 3752 681 3815 23,
705 3745 842 3817 imprimis
862 3747 1113 3820 Sengebuschiuml,
1131 3747 1242 3803 Homer.
1263 3748 1374 3806 dissert.

197 3835 210 3887 Ι
227 3852 254 3904 p.
270 3841 304 3890 29
315 3853 355 3904 sq.
392 3835 465 3891 Vide
484 3834 571 3891 etiam
590 3834 824 3904 Schoemannum‚
849 3853 891 3907 cp.
912 3838 991 3893 acad.
1010 3837 1050 3892 ΙΠ
1067 3855 1095 3907 p.
1110 3842 1144 3891 57
1164 3838 1193 3892 et
1210 3837 1375 3910 Bergkium‚

197 3922 329 3980 Zeitschr.
354 3925 372 3980 f.
398 3927 424 3981 d.
444 3924 691 3981 Alterthumswiss.
716 3931 798 3996 1848,
824 3944 851 3996 p.
872 3931 937 3995 498,
962 3925 1039 3980 cuius
1062 3928 1160 3980 contra
1183 3924 1375 3984 coniecturam

196 4011 337 4067 neminem
360 4013 442 4069 credo
460 4013 544 4070 hodie
565 4013 780 4085 disputaturum.

269 4103 296 4172 3)
314 4101 556 4158 Verisimillimum
575 4103 657 4158 enim·
668 4106 720 4174 est,
734 4103 851 4158 Hesiodi
871 4102 995 4158 carmina
1014 4103 1050 4158 ab
1070 4120 1103 4159 eo
1122 4103 1200 4159 edita
1218 4119 1280 4159 esse
1299 4105 1376 4162 inter

196 4190 318 4261 priorem
344 4193 375 4246 et
395 4191 578 4261 posteriorem
595 4192 710 4247 Homeri
728 4192 927 4263 recensionem,
947 4192 1026 4247 cuius
1044 4192 1180 4264 temporis
1199 4193 1295 4249 omnia
1314 4195 1375 4252 eius

197 4282 264 4335 sunt
290 4296 387 4352 opera,
420 4279 523 4350 quibus
551 4281 587 4335 ad
614 4281 728 4336 Homeri
757 4279 882 4335 carmina
907 4281 1008 4337 melius
1036 4282 1231 4354 cognoscenda
1259 4299 1377 4354 operam

196 4368 318 4425 navavit.

268 4464 295 4531 4)
314 4459 418 4516 Versus
434 4464 467 4516 99
486 4458 516 4516 in
527 4458 579 4515 illa
592 4459 753 4516 recensione
766 4475 823 4514 non
836 4457 993 4532 legebatur,
1012 4461 1046 4518 cf.
1061 4460 1145 4518 huius
1165 4460 1275 4518 dissert.
1286 4463 1335 4536 ΠΙ,
1348 4470 1373 4521 9.
