2970 4980
163 333 206 397 36
335 333 377 389 De
395 332 531 403 ampliore
550 333 617 388 olim
635 333 745 388 Veteris
764 333 930 404 Interpretis
949 332 1158 388 commentario.

163 498 218 563 διὰ
246 506 306 563 τοῦ
330 511 343 562 ῑ
364 497 498 584 γράφει·
532 495 619 579 λέγει
647 497 726 583 γάρ,
756 498 865 583 ὥσπερ
893 496 956 563 ἀπὸ
984 505 1044 562 τοῦ
1067 497 1123 582 ἀρι
1148 493 1331 562 ἐπιτατικοὺ

162 608 288 686 γίνεται
312 604 528 688 ἀριδείκετος,
556 604 642 669 οὑτοι
666 605 725 669 τὸν
748 603 850 668 αὑτὸν
877 606 1001 690 τρόπον
1029 600 1084 668 καλ
1109 602 1174 668 ἀπὸ
1197 611 1260 669 τοῦ
1281 601 1332 684 ἀρι

161 713 287 793 γίνεται
320 711 503 796 ἀριφόντης
532 708 586 775 καὶ
614 716 809 798 πλεονασμῷ
837 719 897 775 τοῦ
925 734 945 792 γ
974 709 1185 795 ἀργιφόντης.
1233 706 1332 797 (addit

162 817 261 881 codex
288 815 497 904 Vossianusz)
535 817 656 901 ὁμοίοις
687 814 741 881 καὶ
774 817 811 882 τὸ
844 816 1075 903 ἀνδροφόντης
1107 814 1333 902 ἀνδρεφόντιγς

161 920 216 988 καὶ
240 923 493 1010 ἀνδρειφόντηςΙ
522 922 597 1008 hta
616 932 675 988 τοὺ
695 922 847 1007 ἀνδρεῖος
866 922 1115 1009 ἀνδρειφόντης.
1154 924 1249 1006 ζήτει.
1284 919 1333 986 Ad

159 1029 238 1094 haec
261 1030 413 1095 accedunt
437 1031 544 1095 omnia
566 1029 637 1116 illa,
666 1051 747 1114 quae
770 1028 965 1094 Eustathius
973 1026 998 1117 1)
1022 1028 1167 1115 exbibet,
1191 1049 1332 1113 quaeque

160 1159 232 1201 cum
260 1158 298 1201 ex
325 1141 416 1221 parte
443 1136 552 1210 eadem
581 1137 645 1199 sint
674 1136 798 1200 fontem
822 1135 956 1200 eundem
978 1135 1078 1200 fuisse
1101 1135 1332 1221 demonstrant,

160 1264 199 1307 ex
230 1247 322 1328 parte
351 1266 426 1307 vero
454 1243 631 1327 pleniorem
661 1242 777 1306 veteris
804 1243 1006 1328 grammatici
1034 1242 1331 1327 interpretationem

160 1353 436 1415 conservaverunt.
482 1348 569 1425 Quae
601 1349 762 1414 sententia
790 1370 826 1413 eo
854 1350 958 1434 magis
988 1348 1168 1434 probabilis
1195 1347 1331 1433 videtur,

160 1479 223 1541 quo
247 1457 365 1521 certius
389 1459 515 1521 constat
539 1478 578 1519 ex
596 1455 778 1519 Homericis
802 1454 934 1520 scholiis
957 1478 1030 1519 eum
1052 1454 1136 1519 nihil
1153 1455 1221 1519 fere
1241 1454 1280 1519 de
1298 1476 1332 1518 ea

160 1564 357 1650 quaestione,
381 1585 462 1647 quae
485 1567 534 1627 est
556 1562 733 1648 proposita,
755 1560 885 1626 haurire
908 1562 1060 1646 potuisse.
1097 1559 1207 1625 Habet
1226 1565 1332 1626 autem

159 1669 213 1732 ille
237 1667 292 1757 (ad
316 1668 373 1735 0d.
396 1695 427 1756 p.
448 1670 548 1757 1522,
567 1668 638 1757 51):
667 1669 892 1755 ἀλληγορικῶς
914 1667 1042 1754 μέντοι,
1071 1669 1160 1757 λάρφ
1186 1675 1332 1734 εἴκασται

159 1776 176 1841 ὁ
197 1775 326 1862 Ἑρμῆς,
350 1778 406 1841 διά
429 1801 463 1842 τε
486 1778 523 1842 τὸ
547 1779 667 1842 λευκὸν
689 1774 744 1841 καί
768 1775 813 1853 ὑις
836 1778 942 1841 είπεῖν
965 1772 1110 1862 ἐναργές,
1134 1773 1191 1859 ἀφ’
1219 1770 1261 1840 οὗ
1279 1773 1332 1840 καὶ

155 1881 389 1968 Ἀργειφόντης
402 1889 560 1966 καλεῖται,
577 1883 622 1960 ὡς
636 1885 744 1965 λόγος,
759 1882 907 1968 ἐναργῶς
921 1885 1053 1966 φαίνων
1071 1883 1111 1947 τά
1125 1884 1208 1947 κατὰ
1221 1883 1331 1967 ψυχὴν

157 1986 212 2052 καὶ
246 1990 332 2054 διότι
364 1986 402 2054 δὲ
430 1990 447 2055 ὁ
476 1989 576 2074 λάρος
602 1992 800 2085 παρηχεῖταί
823 2011 893 2066 ποις
919 1998 964 2077 τῷ
993 1994 1082 2077 λαρςὺ
1109 1987 1260 2054 τουτέστι
1287 1997 1331 2077 τῷ

247 2223 273 2288 1)
291 2218 473 2273 Eustathium
492 2234 575 2287 saepe
593 2235 675 2271 usum
694 2234 755 2271 esse
774 2216 889 2271 scholiis
908 2215 1056 2271 Hesiodeis
1073 2218 1102 2271 et
1116 2234 1201 2288 supra
1221 2217 1331 2272 ostendi

157 2310 186 2362 et
212 2308 294 2377 plura
322 2308 450 2379 exempla
474 2310 556 2362 erunt
578 2307 663 2378 paulo
685 2309 751 2376 post
774 2306 941 2376 coHigenda.
979 2306 1040 2360 Hoc
1062 2305 1125 2361 loco
1149 2323 1238 2361 unum
1259 2307 1331 2360 illud

157 2397 268 2467 addam,
288 2397 364 2465 quod
377 2398 516 2451 Usenerus
531 2414 642 2465 quoque
660 2394 809 2467 usurpavit
827 2395 937 2465 (Rhein.
952 2395 1022 2450 Mus.
1038 2395 1116 2450 XXII
1133 2414 1160 2466 p.
1181 2398 1253 2467 594).
1287 2397 1331 2451 Ad

155 2505 181 2541 V.
202 2494 253 2541 375
271 2486 376 2556 legitur
394 2486 424 2539 in
442 2486 589 2541 Hesiodeis
610 2484 723 2539 scholiis
742 2490 778 2554 (p.
800 2489 874 2554 237):
899 2482 1046 2554 σημαίνειν
1066 2483 1097 2539 δὲ
1121 2486 1187 2549 τοὺς
1205 2485 1331 2556 φηλήτας

154 2578 220 2640 τοὺς
247 2577 440 2645 ἀφαιρεῖσθαί
463 2595 491 2629 τι
518 2576 565 2629 καλ
594 2574 726 2644 ἐκφορεῖν
754 2569 919 2642 ἐθέλοντας,
951 2573 1029 2642 παρὰ
1057 2573 1088 2628 τὸ
1117 2575 1253 2644 ἀφαιρεῖν
1282 2576 1331 2630 κοιλ

155 2666 269 2735 ὑφελεῖν
296 2673 346 2718 τοὺ
375 2662 512 2734 ὀνόματος
539 2664 635 2726 αὑτοῖς
661 2660 798 2725 τιθέντος.
836 2662 897 2716 Ηοο
920 2662 1059 2716 scholium
1082 2662 1264 2718 coniunctum
1288 2667 1331 2719 eet

155 2772 218 2808 cum
236 2754 281 2808 his
299 2753 392 2808 verbis
410 2752 508 2823 petitis
528 2769 543 2805 e
561 2750 654 2805 Procli
673 2751 792 2807 scholio:
812 2760 912 2806 τοῦτον
931 2753 1111 2822 Πλοὺταρχος
1130 2751 1263 2822 χαράττει
1281 2754 1330 2809 τὸν

155 2841 260 2914 στίχονι
284 2842 433 2897 immerito.
463 2841 549 2895 Miror
568 2840 722 2895 Usenerum
739 2839 770 2892 id
788 2839 902 2910 fugisse.
936 2840 1067 2894 Proclum
1085 2840 1247 2910 ipsumhoc
1265 2842 1327 2897 loco

154 2949 269 2986 causam
287 2932 446 2986 atheteseos
465 2929 630 3000 apposuisse
649 2929 727 2984 dicas
746 2932 775 2984 et
793 2929 913 2984 fortasse
933 2929 1020 2984 etiam
1038 2946 1118 2983 suam
1132 2945 1230 2984 versus
1243 2929 1330 2985 inter·

153 3022 349 3091 pretationem,
368 3023 498 3075 neutram
516 3023 612 3074 tamen
630 3019 660 3072 in
678 3019 736 3072 illis
755 3018 847 3073 verbis
866 3018 958 3073 inesse
975 3035 1057 3072 nemo
1071 3036 1128 3072 non
1142 3018 1229 3074 videt.
1259 3019 1330 3074 Sunt

153 3111 210 3164 ista
237 3109 331 3181 potius
359 3126 393 3163 ex
420 3127 497 3164 more
520 3109 623 3164 veteris
647 3107 833 3179 grammatici.
870 3108 907 3162 Et
929 3111 1011 3178 patet
1034 3124 1049 3161 e
1072 3107 1232 3162 Taetzianis
1256 3107 1329 3162 illud

154 3198 292 3252 scholium
311 3215 370 3253 esse
390 3202 550 3269 excerptum
572 3216 587 3253 e
604 3197 730 3268 pleniore
750 3196 958 3252 commentario.
992 3197 1087 3251 Habet
1105 3196 1180 3250 enim
1199 3199 1236 3267 (p.
1253 3201 1328 3268 ῖ37)ι

154 3291 326 3358 φιλήτῃσι·
354 3285 493 3356 κλέπταις,
513 3287 733 3358 ὑφαιρουμένοις
750 3286 786 3340 τδι
805 3283 936 3354 ἀλλότρια
955 3287 1004 3340 καὶ
1022 3295 1091 3340 πᾶσι
1110 3294 1219 3349 κακοῖς·
1249 3285 1328 3356 παρὰ

153 3376 184 3430 τὸ
212 3380 304 3445 φιλεῖν
327 3375 377 3438 τὰς
401 3376 470 3439 ἀτας
492 3378 541 3431 καλ
564 3376 613 3431 διὰ
635 3384 685 3431 τοὺ
709 3390 731 3430 ῖ·
761 3374 778 3444 ἢ
802 3374 881 3443 παρὰ
903 3376 935 3429 τὸ
959 3379 1059 3445 φηλεῑν
1084 3375 1116 3428 τό
1140 3377 1256 3430 ἀπατᾶν
1279 3375 1328 3430 διὰ

152 3474 201 3519 τοὺ
220 3475 246 3535 ἡ,
284 3466 379 3535 lpsum
401 3466 472 3519 haec
495 3466 647 3520 ostendunt
664 3465 773 3519 iontem
791 3464 808 3519 i.
829 3481 853 3519 e.
876 3467 974 3519 vetera
993 3464 1109 3532 scholia,
1129 3465 1178 3518 sed
1197 3463 1329 3520 uberiora

153 3571 238 3622 quam
255 3572 330 3608 nunc
349 3554 488 3624 leguntur.
519 3554 721 3623 Moschopulea
740 3554 774 3607 de
794 3553 893 3607 eadem
907 3570 937 3608 re
952 3557 1018 3607 sunt
1036 3554 1107 3607 haec
1125 3556 1162 3623 (p.
1178 3560 1231 3608 594
1251 3555 1327 3625 apud

152 3644 316 3712 Usenerum)
340 3643 514 3715 φιλήτχσι·
543 3641 685 3704 κλέπταις·
711 3640 863 3712 Ἀρχίλοχος
888 3642 1002 3714 ’φιλήτγ
1027 3643 1134 3712 νύκτωρ
1157 3645 1222 3712 περὶ
1244 3642 1327 3698 πόλιν

151 3731 323 3806 πολενμένφ’
353 3731 441 3803 ἥγονν
470 3729 572 3803 κλέπτῃ
595 3730 759 3804 ννκτιλόχφ·
793 3730 871 3800 παρὰ
898 3731 930 3785 τὸ
958 3732 1073 3801 ὑφελεῖν
1101 3731 1253 3800 ὑφειλήτης
1278 3733 1326 3788 κοιλ

152 3819 300 3890 ἀφαιρέσει
322 3830 372 3876 τοῦ
387 3810 413 3876 ὑ
432 3822 481 3875 καλ
500 3821 646 3875 ἀττελεὺσει
668 3828 717 3874 τοὺ
741 3831 755 3874 ε
773 3829 822 3890 τῆς
841 3818 1009 3890 διφθόγγον.
1056 3819 1134 3884 Quae
1154 3820 1325 3876 adverbum

153 3924 187 3961 ex
205 3909 304 3963 eodem
322 3909 400 3964 fonte
418 3910 476 3964 iam
494 3910 582 3965 habet
599 3909 766 3964 Eustathius
785 3909 833 3979 (ad
847 3908 945 3978 Odyss.
963 3928 990 3979 p.
1007 3914 1084 3978 1889,
1101 3912 1140 3979 1):
1160 3909 1279 3979 φιλήτον
1293 3909 1324 3964 δὲ

151 4007 200 4052 τοὺ
229 3996 376 4068 εἰρημένον
404 4007 499 4070 χρῆσις
526 3998 577 4069 μέν
605 3998 683 4068 παρά
707 4017 736 4053 τε
756 3996 875 4072 Ἡσιόδῳ
899 3999 947 4052 καὶ
970 3997 1048 4068 παρὰ
1067 3996 1210 4072 Ἀρχιλόχῳ
1234 3994 1265 4053 έν
1286 4002 1323 4072 τῷ

154 4086 267 4161 ’φιλήτρι
287 4091 319 4156 (l)
338 4088 446 4157 νὺκτωρ
465 4089 530 4157 περὶ
543 4086 624 4142 πόλιν
639 4085 810 4162 πολενμένφ’
826 4086 914 4156 γ’γ’γονν
931 4087 1033 4158 κλέπτῃ
1047 4084 1207 4161 ννκτιλόχφ.
1229 4083 1323 4154 έτνμο-

151 4173 230 4246 λογία
259 4174 289 4230 δὲ
317 4176 395 4244 παρὰ
422 4176 454 4230 τό
482 4179 609 4247 ὑφελεῖν,
633 4176 701 4246 ὅπερ
721 4177 777 4231 ἐστὶ
805 4175 908 4245 κλέψαι
936 4177 972 4240 ὡς
1000 4174 1036 4231 διν
1060 4171 1078 4247 ᾗ
1102 4175 1254 4246 ὑφειλήτης
1275 4176 1323 4232 καλ

151 4262 300 4335 ἀφαιρέσει
318 4265 450 4334 φειλήτιχς
468 4268 515 4320 καλ
534 4266 681 4321 ἀπελεύσει
699 4275 749 4320 τοὺ
768 4277 781 4320 ε
800 4274 849 4336 τῆς
867 4271 894 4320 ἐ“ι
914 4263 1075 4336 διφὺόγγον
1095 4264 1136 4319 δι’
1157 4265 1252 4321 αἰτίαν
1270 4265 1321 4334 τὴν

151 4353 268 4424 ἑτέρωθι
291 4356 481 4423 δηλωθεῑσαν,
505 4356 627 4427 φιλήτης.
660 4356 758 4424 Neque
779 4355 833 4409 hoc
851 4373 906 4409 uno
925 4354 988 4408 loco
1008 4354 1103 4409 aliena
1123 4354 1253 4410 doctrina
1270 4370 1320 4425 pro

150 4460 202 4499 sua
220 4461 286 4498 usus
306 4446 349 4498 est
366 4444 540 4500 Eustathius.
