2970 4980
177 304 240 367 176
421 301 463 355 De
483 301 606 372 Operum
624 300 750 354 versibus
770 300 806 355 ab
826 298 950 367 antiquis
968 298 1100 355 laudatis.

173 488 230 550 per
253 467 398 551 singulos
417 487 528 530 versus
553 464 706 550 singulas,
730 463 784 528 sed
807 463 909 528 totius
932 462 996 528 loci
1019 483 1202 546 proponere
1225 464 1357 526 textum

173 573 341 659 vulgatum
365 573 454 637 varia
478 572 613 636 lectione
636 571 797 635 Diodorea
820 571 905 635 inter
928 570 1030 635 lineas
1054 572 1271 635 exstructum.

991 689 1171 764 ἐμβασίλευεν
1344 698 1357 744 1

176 771 236 834 111
262 771 297 834 οἱ
317 767 378 855 μὲν
402 767 453 834 ἐπὶ
479 771 614 851 Κρόνου
637 763 732 850 ἦσαν,
756 766 804 832 ὅτ’
830 766 963 855 οὐρανῷ
987 767 1197 852 ἐβασίλευεν·

477 873 595 937 ζώεσκον
615 872 649 942 (D
666 871 733 936 ἔζων
752 871 793 940 dc)

264 949 308 1024 ὥς
326 971 361 1011 τε
384 947 459 1012 θεοὶ
479 943 509 1011 δ’
529 950 629 1026 ἔζωον
649 943 691 1032 (r.
706 944 727 1009 l.
747 943 785 1010 δὲ
806 944 920 1032 ἔζωον)
945 944 1068 1028 ἀκηδέα
1085 945 1204 1030 θυμὸν
1223 947 1362 1030 ἔχοντες

512 1068 541 1103 τε
561 1049 595 1119 (D
611 1052 652 1118 με)
673 1057 767 1103 κακῶν
786 1049 834 1103 καὶ
853 1048 918 1117 ότερ
938 1052 1070 1118 χαλεποῖο
1088 1046 1192 1103 πόνοιο

263 1128 387 1208 νόσφιν
410 1126 486 1210 ἄτερ
511 1147 545 1187 τε
567 1127 682 1188 πόνων
704 1120 760 1187 καὶ
783 1123 906 1202 ὀιζύος·
930 1121 1012 1187 οὐδέ
1033 1147 1063 1186 τι
1087 1124 1206 1188 δειλὸν

267 1229 375 1284 νούσων
393 1225 418 1282 τ’
441 1227 585 1298 ἀργαλέων
605 1228 653 1281 καὶ
671 1226 823 1297 ἀπήμονες,
842 1225 907 1281 οὐδὲ
927 1224 1035 1295 μέλεσσι

263 1474 366 1550 γῆρας
390 1462 483 1548 ἐπῆν,
507 1460 570 1527 αἰεὶ
595 1458 631 1526 dt
654 1463 760 1539 πόδας
782 1460 837 1527 καὶ
860 1473 972 1548 χεῖρας
995 1461 1105 1547 ὁμοῖοι

176 1643 239 1707 115
262 1641 414 1728 τέρποντ’
441 1641 477 1708 ἐν
499 1646 638 1727 θαλίῃσι
662 1652 772 1707 κακῶν
797 1643 956 1706 ἔκτοσθεν
979 1561 1148 1706 λῗόῗτων·

436 1743 475 1816 [δ’
497 1747 545 1816 ὡς]
1004 1743 1074 1798 ἄλλα
1091 1763 1121 1798 τε
1140 1745 1236 1800 πολλὰ

262 1827 413 1904 θνῆσκον
436 1817 467 1883 d'
495 1818 620 1907 diod'l)
644 1820 737 1908 ὕπνῳ
762 1818 973 1905 δεδμημένοι
998 1817 1103 1884 ἐσθλοὶ
1127 1815 1166 1884 dt
1191 1820 1311 1886 πάντα

396 1922 480 1994 [ἐπῆν
498 1923 535 1995 D]
700 1923 808 1995 [ἔφερε]

262 2009 370 2063 τοῖσιν
394 2000 464 2079 ἔην·
487 2000 615 2083 καρπὸν
640 1998 675 2062 δ’
701 2001 819 2084 ἔφερεν
844 1999 997 2083 ζείδωρος
1020 1999 1148 2084 ἄρουρα

265 2176 431 2261 αὐτομάτη
454 2179 579 2241 πολλόν
602 2201 637 2242 τε
660 2174 715 2241 καὶ
739 2178 908 2260 ἄφθονον·
933 2177 968 2240 ολ
989 2173 1019 2240 d’
1045 2098 1208 2260 ἔέὶελόλέοὶ

264 2279 400 2349 εὔφρονες
419 2279 485 2350 ἔργα
504 2281 620 2350 νέμοντο
1333 2289 1365 2337 10

263 2355 382 2439 ἥσυχοι
405 2353 472 2440 ἔργ’
501 2354 657 2440 ἐνέμοντο
681 2358 744 2420 σὺν
768 2354 943 2420 ἐσθλοῖσιν
965 2352 1141 2420 πολέεσσιν

265 2460 380 2528 ἀφνειοὶ
398 2459 517 2530 μήλοισι,
536 2456 613 2529 φίλοι
631 2460 784 2530 μακάρεσσι
802 2463 904 2514 θεοῖσι.

263 2691 371 2776 Atque
405 2693 439 2756 in
475 2693 659 2758 universum
697 2715 810 2757 moneo
843 2694 878 2757 iu
917 2693 1081 2758 codicibus
1118 2695 1363 2761 recentioribus

173 2799 309 2864 Diodori
332 2801 379 2864 eis
398 2800 486 2885 locis,
509 2801 566 2864 ubi
585 2823 648 2865 non
669 2801 832 2884 conspirat
854 2805 964 2866 textus
987 2801 1140 2886 vulgatus
1160 2799 1307 2867 Hesiodi
1330 2807 1363 2868 et

174 2889 355 2972 Diodoreus
375 2904 417 2994 (v.
440 2908 511 2994 113,
533 2907 620 2994 113²,
640 2906 713 2992 115,
733 2906 822 2996 118),
846 2908 972 2992 saepius
991 2907 1173 2972 Diodorum
1192 2909 1362 2995 corrigere

174 3013 236 3077 sibi
264 3015 351 3079 visos
384 3037 452 3078 esse
485 3014 635 3078 librarios
668 3015 775 3078 missis
802 3015 896 3079 factis
928 3015 996 3079 eius
1026 3014 1124 3079 variis
1155 3013 1361 3081 lectionibus
1417 3013 1420 3018 ’

174 3122 374 3204 acceptisque
398 3121 552 3206 vulgatis3
585 3143 681 3205 quam
712 3122 844 3186 obrem
872 3121 1065 3186 recentiores
1096 3120 1171 3186 illos
1195 3121 1360 3188 hocloco

173 3249 240 3290 non
262 3249 348 3292 curo.
393 3226 439 3291 At
466 3228 680 3292 vetustiorum
703 3228 860 3292 librorum
890 3232 1016 3292 textum
1040 3228 1159 3292 summi
1184 3250 1255 3294 esse
1279 3253 1361 3316 pon·

174 3334 258 3397 deris
283 3335 322 3398 ad
341 3333 474 3399 alteram
493 3335 710 3399 recensionem
729 3335 960 3399 restituendam
978 3335 1063 3399 infra
1082 3335 1360 3425 cognoscemus.²)

264 3546 289 3615 1)
309 3544 355 3599 Sic
374 3543 406 3611 ῦς
425 3541 530 3613 θνῆσκ’
552 3543 622 3599 ὥσθ’
644 3546 668 3599 D
687 3563 759 3599 man,
780 3563 830 3615 pr,
849 3548 1003 3602 correctum
1022 3545 1052 3598 in
1070 3549 1201 3617 θνῆσκον
1219 3545 1250 3602 δ’
1274 3550 1320 3613 ὡς.

263 3636 290 3705 2)
309 3632 441 3688 Bethium
460 3633 484 3686 si
502 3633 645 3701 sequimur
663 3635 766 3705 (Herm.
781 3634 879 3704 XXIV,
897 3653 924 3704 p.
940 3637 1016 3704 406),
1041 3634 1183 3691 Diodorus
1202 3652 1304 3692 versus
1323 3655 1359 3693 ex

174 3722 236 3793 ipso
251 3723 390 3779 Hesiodeo
406 3740 455 3777 suo
470 3722 542 3777 libro
557 3721 672 3793 petivit;
688 3727 785 3778 contra
799 3740 833 3777 ex
847 3723 948 3778 Leonis
963 3723 1104 3778 sententia
1118 3723 1149 3778 in
1163 3723 1260 3781 indice
1275 3726 1357 3782 lecti-

174 3830 259 3867 onum
273 3812 453 3883 Gottingensi
472 3812 624 3866 anni1894
642 3831 669 3882 p.
685 3819 717 3865 21
730 3831 770 3881 sq.
790 3812 917 3883 exposita
932 3811 1070 3868 Diodorus
1088 3812 1140 3867 hos
1159 3831 1276 3882 quoque
1295 3833 1357 3871 ver-

175 3920 229 3971 sus,
250 3902 333 3957 sicuti
352 3905 445 3958 cetera
463 3902 582 3957 istorum
597 3901 729 3972 capitum,
749 3902 834 3956 debet
852 3901 887 3970 ei,
906 3902 956 3971 qui
974 3901 1149 3971 Epimenidis
1168 3903 1357 3974 theogonium

174 3993 337 4060 composuit.
370 3992 459 4046 Adest
478 4009 544 4062 ergo
565 3994 614 4046 aut
628 3991 745 4046 Diodori
759 3991 848 4061 ipsius
863 3989 1056 4045 testimonium
1071 3993 1121 4046 aut
1134 3990 1247 4046 falsarii
1261 3992 1355 4061 illius;

172 4097 239 4134 nam
258 4080 294 4133 ab
317 4080 400 4133 huius
422 4080 592 4151 theogoniae
618 4084 746 4151 auctore,
773 4079 900 4150 quisquis
924 4082 978 4150 est,
1007 4095 1104 4135 versus
1130 4096 1165 4134 ex
1189 4079 1253 4149 ipso
1279 4080 1355 4136 libro

173 4168 313 4223 Hesiodeo
327 4169 443 4223 haustos
458 4187 518 4224 esse
532 4186 567 4224 ne
581 4170 637 4225 Leo
652 4169 767 4239 quidem
781 4169 905 4239 negavit.
933 4170 972 4223 At
985 4187 1050 4239 non,
1069 4169 1161 4238 oredo,
1182 4185 1246 4224 eam
1260 4170 1353 4241 ipsam

173 4260 209 4316 ob
223 4276 290 4328 rem,
309 4257 386 4327 quod
400 4257 573 4327 Epimenidis
587 4260 852 4330 pseudepigraphon
865 4258 969 4312 librum
982 4258 1032 4314 ille
1046 4258 1176 4329 confecit,
1196 4258 1351 4314 auotoritas

173 4349 233 4403 eius
253 4347 428 4416 diminuitur,
446 4348 496 4402 ubi
514 4367 558 4404 res
573 4351 616 4403 est
635 4350 670 4403 de
684 4348 839 4403 Hesiodcis.
876 4348 929 4403 Est
942 4365 1008 4403 sane
1027 4347 1145 4418 aliquid,
1164 4347 1240 4416 quod
1255 4350 1352 4403 censet

173 4437 228 4492 Leo
248 4439 285 4494 ab
311 4455 344 4493 eo
370 4437 493 4508 genuina
510 4441 611 4509 poetae
637 4438 724 4493 verba
750 4439 879 4492 contorta
905 4453 978 4507 esse,
1006 4440 1056 4506 „ut
1082 4438 1172 4492 multo
1198 4436 1350 4492 sinceriora
