2970 4980
334 323 376 378 De
396 323 531 394 ampliore
550 324 617 380 olim
636 323 746 380 Veteris
764 325 928 396 Interpretis
947 325 1154 382 commentario.
1285 325 1328 390 35

158 488 350 572 προδηλους
382 488 441 564 τδις
473 493 656 573 φαντασίας
689 487 890 573 ἐπιπέμπειν.
936 488 956 572 6
984 489 1002 555 6
1033 488 1154 574 ἀργὸς
1186 491 1327 572 φόνου,

155 595 358 679 εἰρηνικός
380 596 453 680 γὰρ
477 595 495 661 6
514 598 621 681 θεός,
645 596 725 680 ὅπερ
740 593 882 680 Ὅμηρός
901 612 1013 680 φησιν.
1054 596 1110 660 διδι
1132 593 1328 680 τῆςἼριδος

157 705 285 783 γίνεται
313 703 486 784 διαγγελία
514 702 551 766 έν
577 714 647 778 τοῖς
674 701 829 787 πολέμοις
857 701 912 767 καὶ
939 700 1013 786 οὐχὶ
1041 702 1097 767 διδι
1118 710 1178 767 τοῦ
1196 701 1326 786 Ἑρμοῦ.

154 805 257 872 Paulo
280 812 357 891 post
381 809 392 868 ί
394 831 424 892 p.
446 809 501 894 72,
520 809 576 894 523
601 808 657 895 73,
676 807 734 896 26)
757 809 841 873 idern
865 813 976 874 auctor
999 808 1130 873 exhibet
1153 807 1224 894 alia,
1248 830 1328 892 quae

155 914 289 979 eandem
325 915 482 1000 originem
515 915 697 980 ostendunt.
744 913 783 980 ln
813 915 978 981 nonnullis
1011 919 1119 979 autem
1149 915 1227 979 haee
1258 916 1329 998 ipsa

155 1021 301 1105 pleniora
337 1043 449 1086 rursus
488 1022 679 1088 exhibentur
715 1023 751 1086 in
783 1022 1008 1107 Etymologico
1045 1021 1191 1085 Parisino
1230 1020 1329 1108 (apud

157 1125 256 1193 Gaisf.
280 1151 310 1212 p.
330 1129 372 1192 99
395 1132 462 1193 not.
481 1127 532 1216 n),
559 1129 616 1193 ubi
639 1129 813 1215 adduntur,
838 1150 919 1212 quae
943 1127 1046 1193 adhue
1070 1128 1329 1214 desideravimus,

156 1239 324 1300 anctorum
346 1235 492 1322 nomina,
514 1236 600 1300 huno
622 1237 657 1300 in
679 1236 823 1301 modum:
849 1234 1139 1321 Ἀργειφόντης·
1172 1234 1190 1300 6
1209 1232 1328 1320 Ἑρμῆς

155 1340 234 1427 παρ’
257 1340 384 1431 Ὁμηρφ
407 1340 462 1407 καὶ
485 1346 572 1428 παρὰ
596 1348 743 1419 πολλοῖς·
767 1344 855 1427 παρὰ
880 1339 916 1407 δὲ
935 1347 1107 1426 Σοφοκλεῖ
1123 1339 1177 1407 καὶ
1197 1339 1249 1406 ἐπὶ
1268 1350 1328 1407 τοῦ

151 1446 368 1533 Ἀπόλλωνος,
390 1447 445 1515 καὶ
469 1452 557 1534 παρὰ
577 1453 758 1538 Παρθενίῳ
781 1448 836 1515 καὶ
857 1448 909 1515 ἐπὶ
927 1459 988 1515 τοῦ
1011 1448 1177 1537 Τηλέφου·
1201 1448 1221 1532 6
1240 1450 1328 1533 παρὰ

155 1556 194 1620 τδ
209 1554 332 1642 ’Ἀργον
355 1557 415 1621 τὸν
437 1558 673 1640 πολυόμματον
695 1557 779 1620 κύνα
802 1562 1034 1639 πεφονεῦσθαι
1052 1552 1107 1620 ὑπ’
1132 1556 1246 1638 αὐτοῦ,
1268 1556 1327 1621 τὸν

153 1659 238 1738 Ἰοῦς
261 1664 405 1746 φύλακα·
430 1660 450 1744 6
473 1664 561 1748 παρὰ
584 1663 621 1727 τὸ
645 1663 746 1747 ἀργὸς
768 1662 786 1728 6
810 1666 910 1747 ταχὺς
928 1664 1078 1745 ἄγγελος·
1102 1660 1123 1744 6
1142 1661 1160 1727 6
1180 1661 1329 1746 εὐαργεῖς

155 1769 214 1845 τδις
237 1771 421 1853 φαντασίας
444 1767 625 1852 ἀποτελῶν,
649 1770 890 1855 όνειρόπομπος
913 1769 984 1854 γάρ.
1022 1767 1042 1851 6
1065 1767 1125 1833 ὅτι
1145 1780 1331 1852 καταργεῖ

156 1877 248 1952 τοὺς
284 1878 445 1959 φόνους·
484 1878 684 1960 εἰρηνικὸς
720 1877 792 1960 γὰρ
830 1876 847 1942 6
884 1879 989 1952 θεός·
1028 1874 1048 1958 6
1081 1875 1099 1941 6
1133 1874 1173 1940 έν
1196 1874 1327 1960 ’Ἀργει

155 1994 310 2067 πρῶτον
328 1984 518 2067 πεφηνώς.
549 1982 569 2066 6
588 1983 638 2048 ύτι
658 1986 740 2067 ὅφιν
758 1984 816 2048 τὸν
831 1988 985 2047 Πυθῶνα
1003 1982 1146 2049 ἀνεῖλεν·
1166 1985 1246 2048 κατδι
1266 1985 1328 2068 γὰρ

155 2089 217 2172 την
241 2086 399 2173 Ἀργείων
427 2094 576 2171 γλῶτταν
603 2089 621 2155 6
645 2093 723 2174 ὄφις
750 2089 856 2175 ἀργὴν
883 2095 1045 2173 καλεῖται,
1073 2088 1117 2154 ἵν’
1140 2096 1161 2176 η
1189 2089 1206 2155 6
1235 2090 1328 2174 ὀφιο-

154 2198 281 2282 κτόυος,
304 2193 359 2260 καί
383 2191 471 2272 εἶδος
494 2199 618 2281 θηρίου
642 2196 727 2262 ούτω
751 2203 897 2263 καλεῖται
916 2198 1000 2279 ἄργη
1019 2193 1073 2260 καὶ
1092 2199 1127 2261 οί
1143 2196 1329 2281 Κένταυροι

156 2302 262 2378 οὕτως
293 2301 358 2367 ὑπό
386 2326 488 2368 τινων
515 2306 844 2389 προσηγορεύθησαν.
888 2300 1104 2388 Ἀργειφόντη
1135 2303 1237 2390 ἀργῷ
1265 2300 1328 2368 καὶ

155 2415 316 2496 καθαρῷ
345 2411 481 2492 φόνου.
525 2408 773 2498 Ἀργειφόντης,
801 2412 889 2494 παρὰ
917 2411 954 2474 τὸ
984 2409 1132 2494 ἐναργεῖς
1159 2411 1216 2486 τὰς
1244 2434 1328 2493 φανς

156 2519 271 2592 τασίας
293 2528 413 2600 ποιεῖν,
437 2518 481 2593 ὥς
505 2534 609 2601 φησιν
630 2515 782 2596 Ἀλεξίων
804 2515 860 2582 καὶ
880 2515 1011 2601 Ἀρχίας
1031 2513 1086 2580 καὶ
1103 2513 1328 2600 Ἀρίσταρχος·

155 2620 176 2705 6
205 2621 395 2707 ἀρηφόντης
424 2621 740 2711 (1οςεείιριφόντης)
769 2623 787 2689 6
815 2623 964 2707 μεγάλως
992 2624 1237 2706 φανταζόμενος
1259 2635 1329 2699 τοῖς

156 2730 310 2815 ὀνείροις,
324 2730 369 2806 ὡς
381 2731 533 2814 Δίδυμος
546 2727 601 2795 καὶ
621 2731 778 2814 Τρύφων·
797 2727 818 2811 6
837 2729 925 2813 παρὰ
943 2729 980 2793 τὸ
995 2728 1099 2814 ἀργὸν
1113 2733 1329 2812 συγκείμενον

156 2838 194 2901 τὸ
219 2840 350 2920 λευκόν,
373 2835 583 2921 ἀργοφόντης
600 2861 650 2912 τις
669 2838 728 2901 ὥν·
753 2834 773 2918 6
793 2835 810 2901 6
830 2835 931 2921 ιἰργὸς
949 2838 1058 2919 φόνου
1076 2833 1132 2900 καὶ
1152 2837 1328 2918 εἰρηνικός·

156 2941 176 3026 6
206 2944 224 3010 6
253 2945 421 3028 φονεύσας
442 2941 565 3029 ’Ἀργον
590 2944 650 3008 τὸν
672 2946 909 3028 πολυόμματον
931 2944 1024 3007 κύνα.
1071 2939 1222 3007 Ceterum
1245 2941 1329 3025 apud

155 3049 243 3115 huno
266 3051 511 3137 grammaticum
533 3072 600 3115 non
623 3054 672 3114 est
695 3053 781 3114 reate
804 3052 990 3115 conservata
1008 3047 1140 3132 Didymi
1162 3049 1330 3134 sententia,

156 3179 253 3240 quam
291 3157 539 3222 emendatiorem
570 3157 709 3242 legimus
742 3157 777 3220 in
808 3155 1035 3240 Etymologioo
1068 3155 1202 3243 Magno,
1238 3156 1328 3220 ouius

156 3267 320 3328 auctorem
344 3286 381 3327 ex
403 3264 513 3328 eodem
530 3265 620 3329 fonte
640 3264 747 3330 omnia
767 3287 824 3328 sua
841 3262 988 3327 hausisse
1006 3262 1058 3327 vel
1075 3263 1179 3346 primo
1199 3266 1329 3346 aspectu

155 3370 252 3435 nobis
280 3392 468 3454 persuasum
496 3370 557 3434 erit
587 3368 630 3458 (p.
653 3371 730 3457 136,
748 3368 820 3457 48):
851 3365 1140 3455 Ἀργειφόντης·
1175 3369 1330 3435 ἐπίθετον

151 3475 287 3563 Ἑρμοῦ·
320 3476 340 3560 6
372 3478 422 3543 ὅτι
451 3477 551 3563 ιἰργός
580 3477 648 3542 ἐστι
676 3480 785 3561 φόνου
813 3475 962 3542 τουτέστι
989 3479 1151 3561 καθαρός·
1185 3475 1202 3540 6
1231 3474 1330 3551 αὐτὸς

155 3584 219 3670 γάρ
252 3583 320 3649 ἐστι
348 3592 392 3672 τῷ
420 3587 518 3673 λόγῳ.
564 3583 584 3666 6
613 3584 630 3649 6
660 3582 696 3648 ἐν
715 3581 829 3668 ’Ἀργει
856 3595 989 3669 πρῶτον
1017 3582 1188 3667 πεφηνώς,
1220 3581 1237 3646 6
1266 3581 1329 3665 γὰρ

153 3689 274 3777 Ἑρμῆς
297 3701 430 3776 πρῶτον
453 3691 489 3756 ἐν
510 3701 554 3779 τῷ
570 3689 684 3777 ’Ἀργει
708 3690 825 3775 ἐφύυη.
866 3689 886 3773 6
910 3690 928 3756 6
952 3690 1101 3775 ἐναργεῖς
1123 3690 1182 3765 τὰς
1204 3712 1330 3771 φαντα-

158 3801 231 3874 σίας
250 3809 372 3877 ποιῶν;
397 3797 505 3863 ἐπάνω
529 3799 604 3883 γάρ,
628 3798 672 3873 ὥς
695 3814 788 3882 φασι,
810 3808 879 3862 τῶν
898 3798 1038 3882 ὀνείρων
1058 3792 1147 3860 ἐστὶν
1168 3791 1328 3879 ὁἙρμῆς.

157 3903 177 3987 6
197 3904 310 3988 ἐπειδὴ
325 3907 384 3970 τὸν
398 3903 522 3987 ’Ἀργον
537 3903 697 3987 ἐφόνευσε
712 3908 798 3993 λίθω
813 3905 935 3988 βαλών,
953 3899 1146 3978 κελευσθεὶς
1164 3901 1252 3986 παρὰ
1269 3910 1329 3967 τοῦ
1382 3926 1383 3929 ’

159 4011 242 4089 Διὸς
273 4010 390 4089 κλέψαι
418 4011 479 4093 την
503 4008 553 4075 Ἰὼ
582 4014 667 4094 βοῦν
695 4009 894 4094 γενομένην,
927 4008 1094 4094 ἐφύλασσε
1122 4005 1153 4072 δ’
1179 4007 1284 4091 αὐτην
1312 4008 1329 4073 6

148 4115 269 4204 ’Ἀργος
292 4118 451 4201 βουλήσει
466 4114 583 4202 Ἥρας,
608 4120 691 4201 ἔχων
715 4116 752 4182 έν
775 4118 841 4205 ὅλῳ
864 4125 910 4204 τῷ
934 4117 1059 4200 σώματι
1078 4114 1182 4180 αὐτοῦ
1200 4115 1330 4199 ὀφθαλ-

159 4226 249 4309 μούς.
301 4225 409 4309 ὥσπερ
443 4220 479 4289 δὲ
512 4223 576 4288 ιἰπὸ
608 4233 668 4289 τοῦ
701 4223 922 4308 διλοτρίβανον
954 4226 1079 4305 γίνεται
1112 4221 1330 4307 ἀλετρίβανον

157 4340 262 4418 τροπη
294 4339 354 4395 τοῦ
386 4340 406 4395 ὅ
438 4332 484 4406 είς
514 4345 548 4412 e,
581 4331 666 4395 οὕτω
698 4327 754 4395 καί
787 4329 850 4394 ἀπὸ
878 4338 939 4393 τοῦ
967 4329 1176 4415 ἀργοφόντης
1203 4330 1330 4409 γίνεται

160 4435 368 4524 ἀργεφόντης
398 4434 453 4503 καί
486 4439 681 4527 πλεονασμῷ
713 4447 773 4503 τοῦ
802 4450 815 4500 ῐ
841 4436 1069 4522 ἀργειφόντης.
1114 4435 1266 4518 Δίδυμος
1293 4428 1330 4518 δὲ

1082 4539 1117 4592 3*
