2970 4980
167 318 208 382 12
332 317 397 371 Non
416 317 552 388 ampliora
570 317 651 372 nobis
670 318 773 388 legisse
793 318 885 387 Opera
904 320 1010 373 veteres
1030 321 1165 373 auctores.

164 485 227 567 est,
259 504 315 546 cur
348 482 478 566 quidam
508 481 681 546 maluerint
712 481 796 546 119119
828 482 954 546 laudem
983 480 1116 565 Cercopi
1149 483 1334 547 attribuere.

165 587 315 655 Ceterum
345 590 422 654 nolo
454 589 574 654 infitias
606 589 665 674 119,
697 588 733 653 in
765 590 972 654 fundamento
1002 591 1081 655 satis
1109 589 1233 654 lubrico
1261 611 1334 654 eum

164 697 293 780 versari,
318 696 373 780 qui
396 696 430 760 in
452 694 512 759 hac
534 717 568 759 re
592 695 714 779 aliquid
737 695 882 760 affirmet.

252 803 380 886 Restat,
408 805 445 865 ut
472 801 660 866 brevissime
682 802 931 886 respondeamus
956 802 1010 887 eis,
1033 802 1089 886 qui
1112 803 1334 867 contenderint

164 910 302 995 amplius
326 908 466 993 Operum
489 931 617 974 carmen
639 909 767 974 novisse
790 913 921 974 veteres.
962 908 1000 974 In
1024 910 1141 993 quibus
1164 910 1350 980 miraberis,

164 1018 261 1082 etiam
290 1016 381 1080 illum
403 1016 517 1100 fuisse,
545 1016 601 1099 qui
623 1015 838 1101 philologicae
862 1017 925 1080 arti
947 1038 1065 1081 novam
1088 1017 1174 1082 viam
1197 1017 1333 1102 aperuit,

163 1122 196 1188 F.
220 1123 258 1188 A.
278 1122 442 1188 Wolfium.
492 1120 586 1206 „Non
618 1125 746 1187 tantum
778 1123 880 1187 luxati
913 1122 1076 1206 99119111α
1107 1124 1214 1207 inquit
1246 1122 1332 1211 illel)

163 1234 230 1316 „set
269 1233 301 1294 et
329 1229 503 1313 amplioris
541 1229 646 1313 operis
683 1229 833 1314 exiguam
864 1251 1030 1313 superesse
1061 1230 1188 1295 ruinam
1220 1230 1333 1295 docent

162 1336 326 1422 Manilius,
348 1334 482 1421 Plinius,
504 1334 569 1422 9111,
594 1356 666 1399 cum
689 1357 728 1399 ex
751 1335 808 1400 illo
833 1336 1006 1416 afferunt
1027 1337 1151 1421 plura,
1174 1358 1333 1420 quorum

162 1465 261 1508 nunc
287 1464 356 1507 nec
378 1442 466 1506 vola
488 1463 555 1506 nec
580 1441 786 1527 vestigium
810 1447 981 1528 apparet,
1008 1443 1072 1507 nisi
1096 1443 1168 1527 quis
1193 1447 1333 1507 temere

162 1549 292 1636 fingat
323 1549 383 1615 hos
416 1550 454 1612 de
487 1549 612 1613 diverso
646 1549 784 1613 carmine
811 1548 953 1614 testari.“
998 1548 1036 1613 Id
1062 1550 1169 1633 ipsum
1198 1549 1333 1613 affirma-

162 1661 277 1722 venmt
309 1656 405 1720 multi
435 1655 497 1720 viri
524 1654 626 1742 docti,
656 1655 774 1739 quibus
801 1656 1017 1721 temeritatem
1044 1678 1138 1721 nemo
1167 1656 1332 1720 obiecerit:

162 1760 399 1850 Welckerusi),
430 1759 595 1849 Caesari),
624 1761 800 1848 Hugius4),
827 1760 1166 1849 Marckscheffelius5),
1195 1762 1245 1826 edi
1261 1785 1332 1827 ores

162 1871 228 1935 fere
260 1892 377 1935 omnes.
387 1867 413 1958 ⁶)
463 1869 564 1933 Decet
598 1869 781 1933 cautissime
817 1870 852 1934 in
882 1870 943 1935 hac
974 1893 1009 1934 19
1039 1870 1199 1956 progredi.
1249 1869 1333 1945 Quid

163 1977 247 2042 enim
263 1977 362 2041 habet
380 1976 555 2040 Manilius?
579 1973 716 2040 Secundi
733 1976 810 2041 libri
829 1977 979 2042 carminis
999 1977 1049 2041 sui
1070 1976 1164 2042 initio
1180 1975 1238 2063 (19
1248 1975 1331 2064 sqq.)

162 2083 295 2148 Homeri
318 2082 515 2166 Hesiodique
537 2083 684 2147 meminit
706 2082 792 2147 hunc
814 2083 850 2147 in
871 2084 1015 2149 modum:

198 2208 286 2292 <quin
308 2208 405 2271 etiam
427 2208 513 2272 ruris
536 2208 642 2272 cultus
665 2207 816 2293 legesque
838 2208 964 2273 notavit

206 2314 420 2398 militiamque
443 2315 518 2400 soli3
542 2314 641 2398 quod
663 2314 783 2379 colles
806 2313 978 2379 Bacchus
1002 2319 1158 2400 amaret,

207 2404 489 2505 quod'fecunda
513 2419 626 2487 Ocres
650 2443 815 2507 campos,
839 2422 938 2505 quod
960 2421 1091 2486 Pallas
1115 2427 1332 2509 utrumque,

207 2531 321 2611 atque
344 2529 502 2593 arbusta
524 2529 635 2613 vagis
659 2532 786 2592 essent
810 2528 910 2612 quod
933 2529 1108 2594 adultera
1130 2529 1267 2616 pomis,

207 2634 467 2719 silvarumque
491 2635 593 2719 deos,
618 2638 844 2718 sacrataque
866 2635 1020 2699 numina
1041 2636 1234 2721 nymphis,

205 2741 311 2825 pacis
335 2763 443 2828 opus,
465 2762 622 2827 magnos
644 2745 806 2806 naturae
829 2741 959 2805 condit
982 2742 1021 2806 in
1043 2765 1141 2807 usus.

161 2882 248 2948 Haec
277 2906 352 2948 sane
378 2883 474 2948 hodie
501 2884 537 2947 in
559 2882 717 2966 Operibus
740 2904 806 2947 non
827 2882 992 2968 leguntur:
1022 2884 1143 2969 legitne
1166 2884 1331 2949 Romanus

160 2994 277 3075 poeta?
323 2989 457 3076 Legitne
484 2988 609 3054 Plinius
636 2989 720 3076 ipse,
748 3011 829 3072 quae
856 2993 924 3054 tam
951 2990 1042 3075 larga
1064 3013 1161 3055 manu
1184 2991 1331 3076 suppedi-

161 3096 243 3162 tavit
267 3096 444 3162 editoribus
468 3096 695 3182 colligentibus
718 3095 899 3180 fragmenta
912 3095 1044 3180 ’'llpyav
1066 3098 1240 3182 psydlnv?
1263 3097 1331 3188 lam

160 3202 284 3287 pridem
316 3224 375 3289 ego
408 3203 607 3267 dubitabam:
642 3225 750 3268 omnes
784 3203 951 3286 scrupulos
981 3204 1118 3269 removit
1146 3205 1332 3269 doctissima

161 3331 218 3374 sua
247 3309 464 3393 disputatione
491 3308 530 3373 Κ.
555 3306 727 3395 Sittlius.⁷)
774 3309 1016 3375 Demonstravit
1044 3311 1129 3374 enim
1157 3311 1331 3397 Romanos,

161 3438 233 3481 cum
261 3416 442 3502 argumenti
469 3416 619 3480 carminis
642 3415 794 3481 Hesiodei
816 3416 1012 3482 mentionem
1034 3418 1188 3502 facerent,
1212 3418 1330 3501 saepis-

161 3523 239 3586 sime
273 3544 339 3587 non
369 3520 482 3586 Graeci
514 3527 628 3606 poetae
659 3523 762 3606 ipsius
795 3523 969 3609 exemplar,
1006 3523 1061 3587 sed
1093 3522 1332 3588 celeberrimam

160 3628 298 3715 Vergilii
320 3629 535 3694 imitationem
557 3629 593 3692 in
614 3629 720 3693 animo
743 3628 895 3694 habuisse
917 3630 1083 3714 multaque
1105 3629 1247 3694 Hesiodo
1275 3631 1331 3695 tri-

251 3825 276 3892 1)
293 3823 326 3875 ln
344 3824 496 3893 prolegom.
516 3820 682 3876 Rankianae
702 3812 834 3876 editionis
853 3821 932 3876 Scuti
950 3841 976 3892 p.
993 3828 1034 3878 79.

249 3915 276 3982 2)
294 3911 393 3966 Rhein.
412 3911 483 3966 Mus.
504 3919 519 3964 1
538 3930 564 3982 p.
585 3916 637 3965 425
648 3929 707 3980 sqq.

250 4004 276 4071 3)
295 4000 427 4055 Zeitschr.
447 3999 466 4055 f.
486 4001 512 4056 d.
531 3999 866 4056 Alterthumswissensch.
888 4004 956 4055 1838
975 4019 1002 4071 p.
1018 4005 1121 4069 65sqq.

248 4085 377 4160 4111111
395 4086 515 4160 Μεγάλα
533 4089 651 4144 Hesiodi
671 4094 747 4144 1835.

249 4180 275 4248 ὅ)
293 4178 326 4231 In
345 4177 469 4233 editione
487 4177 707 4248 fragmentorum
725 4198 752 4249 p.
768 4183 819 4232 202
830 4197 889 4247 sqq.

249 4269 276 4337 6)
293 4267 324 4321 Ε.
353 4285 380 4336 g.
411 4266 760 4336 Goettlingius-Flachius
791 4266 821 4320 in
852 4267 1029 4337 praefatione
1061 4266 1193 4322 editionis
1227 4266 1330 4322 tertiae

159 4374 187 4429 p.
202 4362 236 4411 36
246 4373 286 4424 sq.
306 4354 351 4427 (cf.
370 4355 547 4426 fragmenta),
566 4355 704 4411 Rzachius
723 4355 753 4409 in
772 4355 895 4411 editione
916 4361 992 4412 1884.

250 4447 276 4516 7)
294 4444 409 4500 Wiener
427 4444 545 4500 Studien
563 4445 615 4500 XII
632 4464 659 4516 p.
675 4450 709 4500 38
719 4462 778 4514 sqq.
801 4495 803 4500 .
