2970 4980
162 332 225 397 154
405 330 536 400 Didymei
555 332 591 384 ad
611 332 707 400 Opera·
722 330 914 386 commentarii
932 330 1097 401 fragmenta..

164 496 311 561 videatur
330 494 529 579 improbasse
548 495 741 559 sententiam
761 518 858 560 suam.
895 494 1019 579 Nempe
1040 493 1125 558 idem
1139 492 1254 557 eodem
1267 493 1342 559 loco

165 603 229 667 alia
247 603 357 667 docuit
376 624 414 666 ex
432 605 525 686 parte
539 602 674 685 optima:
697 600 797 688 „nisi“
811 602 918 687 inquit
931 602 985 686 „in
1003 601 1110 665 animo
1129 599 1249 665 habuit
1267 622 1343 665 eum

160 732 288 774 versum
306 707 449 796 Proclus,
467 731 562 793 quem
581 709 783 793 inscripsisse
801 709 921 794 tripodi
936 707 1114 772 Hesiodum
1129 707 1209 773 dicit
1226 711 1343 773 auctor

161 815 355 881 Certaminis
379 814 514 880 Hesiodi
538 821 570 880 et
593 815 740 881 Homeri:

327 920 482 1000 Ἡσίοδος
504 925 659 1000 Μούσαις
676 920 864 989 Ἑλικωνίσι
887 917 979 989 τόνδ’
1001 921 1145 1006 ἀνέθηκε

327 1029 420 1118 ὕμνῳ
445 1032 582 1113 νικήσας
601 1029 637 1095 ἐν
657 1032 796 1096 Χαλκίδι
814 1026 1126 1116 θεῑον”ομηρον.“1)

158 1137 234 1202 Non
248 1136 373 1201 fallitur
389 1135 615 1223 Goettlingius.
648 1135 728 1203 Cum
742 1159 817 1203 vero
832 1136 965 1203 Proelus
979 1136 1191 1202 Plutarchum
1207 1140 1341 1202 secutus

160 1244 296 1328 tripodis
320 1243 408 1309 illius
432 1266 554 1309 memor
577 1245 784 1330 epigramma,
807 1246 894 1330 quod
912 1244 1085 1331 ferebatur,
1104 1243 1344 1332 exscripsisset,

162 1355 339 1436 excerptor,
363 1351 453 1416 cuius
470 1352 636 1416 levitatem
653 1352 812 1436 novimus,
830 1352 970 1436 posteris
989 1355 1117 1416 tantum
1135 1350 1284 1438 reliquit,
1304 1355 1343 1416 ut

160 1480 247 1522 mera
270 1459 359 1523 varia
381 1458 477 1522 lectio
500 1458 671 1545 videretur,
693 1459 744 1523 oui
767 1459 874 1524 nescio
895 1458 968 1543 quis
988 1458 1121 1523 solitum
1140 1458 1239 1523 ἀλλον
1258 1459 1342 1545 γρά-

158 1583 282 1650 φουσιν
300 1565 413 1630 addere
431 1586 498 1629 non
516 1564 684 1629 dubitavit.
724 1564 845 1630 Similis
865 1569 914 1631 est
932 1588 983 1631 res
1003 1564 1041 1630 de
1059 1587 1088 1630 v.
1101 1565 1164 1628 119
1184 1564 1338 1650 aliisque.

247 1671 412 1738 Scholium
435 1669 652 1738 Choerobosei
676 1671 716 1736 ad
739 1696 767 1738 v.
788 1673 853 1737 740
876 1695 907 1757 p.
926 1673 1002 1759 400,
1021 1673 1079 1758 24,
1111 1671 1200 1756 quod
1228 1676 1342 1737 totum

160 1783 209 1844 est
227 1779 430 1864 Didymeum,
452 1779 643 1862 corruptelis
662 1779 841 1845 manifestis
859 1780 923 1844 iarn
943 1778 1183 1845 Schoemannus
1203 1775 1273 1865 (op.
1295 1802 1341 1846 ec.

159 1884 209 1951 ΠΙ
227 1909 257 1970 p.
278 1884 336 1973 64)
369 1886 487 1970 aliique
520 1886 640 1970 optime
669 1886 900 1952 liberaverunt:
937 1886 979 1963 ὃς
1001 1887 1175 1970 ποταμὸν
1204 1886 1342 1973 διαβῇ·

160 1994 254 2058 ἀλλοι
287 1994 477 2078 γράφουσιν
508 1988 659 2076 κακότητ’
687 1994 737 2058 ίδε
767 1991 869 2079 (libr-i:
897 1990 980 2080 ἐπὶ),
1008 1989 1144 2080 οίονεΡ)
1171 1994 1342 2077 κακότητα

162 2094 265 2182 εἶδεν,
294 2097 368 2164 ἀντὶ
396 2109 455 2164 τοῦ
483 2098 642 2183 ἐκακώθη.
693 2098 905 2186 Ἀρίσταρχος
933 2095 970 2164 δὲ
997 2098 1112 2164 ἀθετεῖ
1136 2100 1197 2164 τὸν
1221 2103 1342 2185 στίχον

66 2248 68 2253 ι
158 2215 279 2271 τοῦτον
303 2203 454 2294 (καὶτὸν
483 2203 611 2293 ἑξης).3)
657 2208 751 2272 ἄλλοι
774 2204 928 2290 κακότητ’
954 2207 1018 2289 ἔτι,
1041 2201 1145 2270 οίονεὶ
1168 2203 1223 2270 ἐπὶ
1247 2218 1341 2296 κακῷ

159 2310 279 2379 ἑαυτοῦ
312 2311 416 2400 (libra
449 2310 591 2401 ἑαυτόν).
650 2311 795 2379 Abiectis
829 2317 1008 2378 ceterorum
1036 2333 1173 2396 quorum
1202 2314 1341 2380 nomina

157 2420 332 2507 nescimus,
360 2421 643 2506 grammaticorum
673 2421 769 2505 nugis
793 2416 983 2484 Aristarcho
1010 2417 1117 2503 palma
1143 2418 1250 2484 danda
1279 2424 1341 2506 est,

157 2528 212 2611 qui
239 2531 325 2592 recte
353 2527 548 2593 intellexerit
576 2526 666 2591 nulla
692 2527 815 2591 medela
843 2549 938 2612 posse
966 2526 1048 2590 hano
1075 2547 1261 2610 perversam
1288 2550 1341 2593 sa-

156 2634 227 2697 nari
247 2635 446 2698 sententiam.
471 2673 513 2680 —
538 2632 683 2699 Similem
701 2634 849 2698 lectionis
868 2634 1058 2698 varietatem
1081 2636 1114 2696 et
1138 2633 1243 2717 ipsam
1267 2635 1342 2701 sine

158 2741 299 2805 auctoris
336 2741 465 2805 nomine
501 2740 635 2805 tradidit
671 2740 830 2824 Didymus
866 2741 901 2805 in
938 2741 1117 2826 fragmento
1155 2762 1172 2804 e
1211 2741 1341 2808 scholio

159 2845 376 2912 Choerobosci
410 2847 449 2912 ad
481 2871 509 2911 v.
540 2848 603 2912 746
636 2871 665 2932 p.
693 2847 769 2934 405,
797 2849 817 2913 6
849 2848 1018 2912 restituto:
1065 2847 1341 2925 ἀνεπίξεστον·

156 2954 416 3039 ἀφιλοκάλητον,
453 2955 647 3039 ἀκόσμητον.
715 2958 799 3020 ἔνιοι
836 2951 874 3020 δὲ
910 2954 1147 3042 ἀνεκίῤῥεκτον
1182 2955 1342 3041 γράφου-

157 3079 222 3145 σιν,
245 3060 416 3127 τουτέστιν
439 3062 637 3147 ἀθυμίατον.
688 3061 739 3125 Ex
767 3062 829 3126 hoc
853 3061 975 3126 scholio
998 3060 1093 3125 fluxit
1115 3060 1214 3125 lectio
1238 3063 1342 3129 unius

156 3167 274 3232 codicis
301 3168 482 3233 Florentini
510 3168 649 3254 margini
677 3168 839 3253 adscripta
865 3168 1136 3256 ἀνεπίρῤρεκτον,
1165 3188 1243 3232 cum
1270 3191 1341 3236 uno

157 3274 250 3357 quasi
279 3296 334 3339 ore
365 3275 469 3339 omnis
493 3276 648 3340 memoria
672 3277 791 3360 scripta
814 3277 982 3340 confirmet
1004 3275 1086 3341 illud
1108 3273 1341 3354 ἀνεπίξεστον.

160 3417 197 3425 -
222 3378 355 3472 Didymi
378 3381 568 3466 fragmentis
591 3404 658 3446 non
681 3382 794 3446 dubito
818 3383 882 3447 tria
909 3383 1007 3448 etiam
1032 3382 1088 3447 illa
1111 3378 1341 3451 Choerobosci

156 3485 278 3550 scholia
306 3487 528 3574 adnumerare,
560 3489 677 3572 quibus
701 3489 878 3554 sententiae
911 3489 1104 3554 exhibentur
1135 3487 1343 3581 Philochori,

156 3593 327 3658 clarissimi
346 3593 501 3659 Atthides
525 3595 701 3683 scriptoris,
723 3618 804 3680 quae
826 3600 902 3660 sunt
921 3596 960 3660 ad
979 3618 1006 3661 v.
1025 3597 1090 3662 770
1108 3620 1137 3682 p.
1152 3596 1233 3684 421,
1246 3598 1340 3666 2-6

157 3699 285 3787 ἐτέχθη,
308 3698 380 3789 (ubi
398 3701 502 3783 αὐτην
520 3700 665 3786 intellige
684 3703 744 3786 την
763 3704 898 3790 πρώτην
917 3704 1010 3790 ίερδιν
1029 3697 1143 3791 elcut),
1166 3703 1209 3767 ad
1227 3726 1258 3770 v.
1271 3706 1342 3773 780

156 3829 186 3891 p.
205 3802 320 3892 429,3
354 3807 424 3896 (ubi
457 3809 494 3873 αί
522 3819 612 3895 τρεῖς
644 3813 719 3872 sunt
752 3807 923 3894 ἑνδεκάτη,
956 3809 1122 3893 δωδεκάτη
1157 3808 1215 3876 καὶ
1248 3831 1341 3899 τρισ-

154 3913 359 4001 καιδεκάτη);
383 3915 469 3980 adv.
489 3915 555 3979 810
574 3938 603 4000 p.
620 3915 695 4000 441,
712 3916 850 3982 15-18.
879 3914 988 4012 ‘Cuius
1011 3916 1127 3981 scholii
1145 3916 1207 3981 sub
1227 3918 1342 4009 finem,

160 4041 255 4103 quem
279 4026 466 4105 corruptum
489 4044 557 4086 esse
580 4044 674 4087 nemo
692 4044 759 4087 non
777 4022 875 4109 videt,
892 4022 1019 4087 videtur
1038 4044 1107 4088 esse
1126 4023 1341 4095 scribendum

247 4196 273 4264 1)
292 4192 332 4248 Of.
351 4194 457 4265 Rohde,
476 4196 528 4250 Rh.
548 4197 585 4252 M.
600 4197 717 4252 XXXVI
729 4217 756 4268 p.
771 4203 822 4253 421
833 4200 891 4254 not.
917 4201 946 4252 et
963 4198 1112 4254 Kirchh0ff
1127 4197 1247 4256 Sitzber.
1262 4202 1340 4261 berl.

153 4283 207 4338 Ak.
224 4289 293 4339 raca
311 4301 337 4352 p.
355 4286 473 4338 srrnot.

243 4376 270 4444 2)
288 4370 409 4427 Addidit
425 4371 576 4428 Koechlius
595 4375 626 4428 in
645 4378 784 4445 apparatu
804 4376 902 4432 critico
922 4378 958 4432 ad
977 4394 1094 4433 versum.

244 4462 270 4530 3)
289 4460 410 4516 Addidit
427 4460 558 4518 Flaehius
576 4463 693 4518 Jahrbb.
712 4463 785 4520 CXV
802 4484 829 4535 p.
843 4470 903 4520 440.
983 4528 987 4534 p
1035 4498 1036 4502 =
