2970 4980
312 294 354 349 Dc
372 293 486 349 scholiis
506 311 540 348 ex
558 293 650 349 Procli
670 296 698 349 et
711 293 823 349 Veteris
842 297 990 350 comment.
1011 276 1167 366 exsciiphis.
1281 296 1323 359 41

153 456 253 543 ε’άσης
286 457 346 523 τὸν
378 457 481 523 παῖδά
514 473 576 523 σου
608 458 862 545 δωδεκαημερον
896 457 948 525 ἐπὶ
978 459 1088 543 τάφου
1114 456 1325 543 καθέζεσθαι,

152 563 224 631 ἐπεὶ
242 562 298 630 καλ
319 564 404 651 ἀνὴρ
425 563 483 630 έάν
502 559 523 652 ᾖ
541 565 730 650 βλάπτεται,
754 571 864 654 πολλῷ
885 571 1012 650 μᾶλλον
1035 567 1053 632 ὁ
1071 577 1157 642 παῖς.
1192 567 1324 643 άλλως.

152 671 366 757 ἀγύμναστον
397 672 441 756 μὴ
473 670 571 758 έάσης
598 674 657 737 τὸν
685 672 787 737 παῖδά
816 689 879 737 σου
906 671 970 738 ἀπὸ
999 673 1126 739 δώδεκα
1155 673 1252 758 ἑτῶν,
1284 674 1325 739 οὐ

152 775 214 863 μέν
241 775 321 844 οὐδὲ
345 778 600 864 δωδεκάμηνον.Ι
637 779 720 844 ὅθεν
742 777 797 844 καὶ
818 778 984 863 ἐπενοήθη
1007 781 1044 846 τὸ
1068 778 1119 845 ἀεὶ
1142 792 1249 846 κινεῖν
1270 779 1325 846 καὶ

152 887 307 952 σαλεύειν
334 887 374 951 τά
401 886 526 951 παιδία.
572 885 735 970 Excerpto
763 885 842 951 hoec
870 907 939 951 esse
967 908 1005 950 cx
1033 886 1141 970 aliquo
1165 891 1327 975 contextu

152 996 344 1080 argumento
373 996 449 1058 sunt
476 992 528 1057 vel
554 993 659 1077 prima
686 993 798 1058 verba:
826 992 984 1059 vocabula
1006 996 1141 1078 σχόλιον
1164 998 1197 1058 ελ
1219 996 1327 1072 άλλως

151 1103 280 1165 tantum
305 1121 373 1165 non
399 1098 538 1164 clament
569 1100 739 1186 originem:
768 1101 951 1165 coniunctio
974 1101 1143 1184 utriusque
1166 1105 1326 1166 monstrat

151 1207 253 1271 fuisse
275 1205 472 1271 scholiorum
490 1207 644 1293 syllogen.
680 1206 732 1272 Ad
750 1230 779 1272 v.
799 1208 865 1272 590
883 1205 928 1295 (p.
948 1205 1028 1295 343)
1046 1208 1081 1272 in
1099 1207 1230 1272 scholiis
1248 1207 1327 1273 hacc

152 1318 228 1378 sunt
257 1315 318 1379 sub
341 1316 461 1391 άλλωςι
494 1314 700 1398 ἀμολγαίη·
734 1313 807 1379 ἀντὶ
831 1324 891 1380 τοῦ
913 1318 1085 1401 κρατίστη,
1113 1314 1243 1399 ἀκμαία.
1288 1317 1326 1381 τὸ

152 1421 216 1507 γάρ
240 1421 387 1506 ἀμολγὸν
411 1419 463 1486 ἐπὶ
484 1431 544 1486 τοῦ
565 1420 706 1505 ἀκμαίου
725 1424 864 1487 τίθεται.
898 1418 1140 1505 Ἐρατοσθένης
1158 1417 1195 1486 δέ
1213 1444 1327 1506 ποιμε-

152 1528 266 1610 νικήν,
297 1529 547 1612 Καλλίστρατος
579 1525 616 1593 δὲ
646 1529 705 1593 τὸν
732 1529 834 1614 τύρον
862 1530 981 1612 φησίν,
1013 1525 1034 1611 ἢ
1062 1527 1237 1613 ὀλλύραν
1264 1533 1323 1613 βε-

152 1631 376 1719 βρεγμένην
399 1635 576 1717 γάλακτι·
601 1634 684 1719 μάζα
707 1629 769 1699 οὖν
793 1634 955 1719 ἀμολγαίη
979 1633 1117 1720 ἢτυρὸς
1135 1633 1155 1717 ἣ
1174 1635 1273 1721 ἀρτος
1290 1634 1327 1700 έκ

153 1740 315 1822 γάλακτος
331 1739 544 1826 ἐζυμώμενος.
575 1739 662 1806 Haec
676 1741 742 1805 fere
757 1742 865 1806 ommia
880 1744 911 1806 cl
926 1744 1019 1805 aucha
1033 1739 1162 1825 quidem
1175 1740 1327 1826 leguntur

153 1847 188 1910 in
214 1846 444 1934 Elymologico
471 1847 591 1934 Magno
620 1846 664 1935 (p.
688 1847 767 1935 573,
786 1846 857 1935 22):
889 1848 1000 1933 μάζα·
1033 1848 1053 1931 ἡ
1082 1850 1198 1934 τροφή.
1244 1850 1327 1915 ὅθεν

152 1953 207 2020 καὶ
231 1956 400 2043 ὑπερμαζᾷ
417 1958 454 2022 τὸ
474 1956 679 2043 ὑπερτρυφᾷ,
702 1963 848 2039 πλουτεῖ,
871 1965 1020 2042 στρηνιᾷ.
1053 1954 1220 2032 Ἡσίοδος·
1244 1955 1327 2039 μάζα

152 2059 180 2126 τ’
218 2060 394 2146 ἀμολγαίη·
432 2055 546 2149 ἀρτος,
582 2067 705 2147 ψωμός.
751 2063 815 2128 ἀπὸ
851 2072 911 2128 τοῦ
944 2062 1058 2146 μάσσω
1090 2063 1128 2127 τὸ
1160 2062 1327 2146 μαλάσσω,

153 2172 280 2251 γίνεται
307 2179 411 2255 τροπῇ
439 2175 576 2256 Δωρικη
604 2180 672 2235 τῶν
700 2170 768 2235 θύω
796 2172 841 2235 σᾶ
864 2171 911 2246 είς
940 2155 965 2248 ζ’·
997 2167 1017 2251 ἢ
1040 2170 1128 2253 παρὰ
1155 2170 1192 2234 τὸ
1216 2180 1266 2252 μω
1289 2171 1326 2234 τὸ

155 2278 238 2358 ζητῶ
266 2279 394 2358 γίνεται
422 2275 505 2360 μάζα
533 2277 553 2359 ἡ
579 2275 759 2361 ζητουμένη
782 2279 900 2362 τροφή.
946 2275 1074 2358 λέγεται
1099 2272 1135 2340 δέ
1158 2275 1241 2360 μάζα
1264 2278 1328 2360 φύ-

154 2406 242 2467 ραμα
271 2385 451 2466 γινόμενον
477 2382 556 2449 ποτὲ
584 2380 646 2468 μέν
673 2383 705 2462 ἐξ
733 2383 855 2460 ὕδατος
877 2379 956 2448 ποτὲ
983 2378 1020 2447 δὲ
1044 2381 1076 2460 ἐξ
1099 2381 1327 2468 ἀξυκράτουῆ

155 2487 348 2574 ὀξυμέλιτος
376 2489 396 2573 ἢ
423 2489 655 2575 ὑδρομέλιτος,
683 2493 752 2556 ἔστι
777 2491 839 2576 γάρ
863 2492 1036 2575 τρόφιμον.
1083 2489 1267 2572 ἀμολγαίην
1290 2484 1328 2553 δὲ

153 2594 303 2661 τουτέστι
326 2598 515 2682 κρατίστην,
540 2596 696 2682 ἀκμαίαν·
720 2599 757 2663 τὸ
781 2598 844 2683 γάρ
868 2596 1015 2681 ἀμολγὸν
1035 2592 1088 2660 ἐπὶ
1107 2603 1167 2659 τοῦ
1186 2594 1328 2679 ἀκμαίου

153 2707 292 2768 τίθεται.
335 2701 576 2789 Ἐρατοσθένης
604 2700 641 2769 δὲ
667 2705 873 2789 ποιμενικην.
919 2701 989 2778 Quo
1016 2701 1069 2766 hio
1097 2705 1147 2765 est
1174 2723 1267 2787 usus,
1293 2701 1329 2764 in

154 2831 190 2874 co
228 2809 405 2894 exemplari
442 2809 638 2875 scholiorum
669 2832 787 2876 nomen
820 2807 1000 2876 Callistrati
1032 2809 1158 2894 oberat,
1196 2808 1328 2871 aderant

153 2916 248 3001 plura
278 2915 496 3001 grammatica.
544 2915 665 2982 Contra
688 2918 813 2983 auctori
836 2914 1071 3002 Etymologici‚
1100 2913 1187 2997 quod
1210 2913 1328 2978 dicitur

154 3023 249 3108 μέγα,
278 3027 407 3108 praesto
432 3027 501 3088 erat
524 3022 699 3108 exemplar,
726 3021 761 3085 in
789 3042 853 3105 quo
877 3019 1058 3085 Callistrali
1087 3020 1215 3104 quidem
1239 3020 1327 3086 illius

154 3130 276 3195 mentio
300 3130 385 3193 facto
408 3132 465 3216 esi,
488 3128 543 3193 sed
564 3149 631 3192 non
653 3131 724 3192 lota
742 3126 811 3191 cius
831 3125 991 3191 sententia
1010 3125 1169 3209 explicata
1189 3124 1328 3214 (ὀλλύρα

155 3235 356 3324 βεβρεγμένη
394 3236 530 3318 γάλακτι
566 3233 697 3299 omnino
732 3231 864 3321 excidit)
901 3236 933 3297 ct
969 3232 1162 3297 videbamur
1198 3233 1328 3318 insuper

155 3343 311 3428 quaedam
348 3342 489 3407 ciusdem
522 3339 701 3407 Callistrati
738 3362 820 3426 csse,
857 3361 939 3424 quac
975 3339 1149 3404 secundum
1184 3340 1328 3405 codicum

154 3449 390 3515 Hesiodcorum
413 3448 573 3513 scholium
590 3447 694 3533 ipsius
713 3447 830 3511 veteris
848 3447 1034 3531 inlerprctis
1054 3450 1137 3510 sunto
1174 3445 1225 3511 Ita
1244 3446 1328 3511 enim

155 3557 209 3622 illc
234 3579 272 3620 ex
295 3555 539 3621 Reitzensteinii
561 3554 712 3619 leolione:
738 3554 847 3639 μάζα·
871 3556 982 3638 ἀρτος·
1007 3556 1156 3638 φύραμα·
1179 3555 1268 3640 παρά
1290 3555 1328 3619 τὸ

156 3663 271 3748 μάσσω
296 3660 372 3750 (om.
396 3659 441 3749 A)
464 3662 552 3747 μάξω
576 3661 659 3745 μάζα
681 3668 786 3746 τροπῇ
809 3671 877 3726 τῶν
900 3661 961 3724 δύο
984 3663 1028 3727 σσ
1052 3662 1100 3737 εἰς
1123 3646 1328 3746 ξΔωρικηῆ

156 3771 243 3856 παρὰ
262 3771 300 3834 τὸ
318 3781 368 3853 μῶ
387 3769 424 3833 τὸ
445 3771 527 3851 ζητῶ
541 3771 668 3850 γίνεται
681 3769 763 3831 κατά
777 3768 981 3850 παραγώγως
995 3764 1093 3854 (leget
1112 3763 1328 3853 παραγωγὴν)

157 3878 243 3961 μάζω
273 3873 370 3963 (μάζα
393 3873 436 3962 Β)
465 3873 497 3953 ἐξ
525 3869 566 3938 οὗ
593 3872 648 3939 καὶ
676 3874 799 3958 μαστὸς
826 3873 866 3938 ὃν
895 3876 1047 3956 ζητοῦσιν
1075 3875 1110 3938 οί
1135 3874 1251 3950 παῖδες
1273 3870 1329 3937 καὶ

157 3984 237 4067 μάζα
261 3983 281 4066 ἡ
302 3979 482 4065 ζητουμένη
502 3984 618 4066 τροφή.
655 3979 822 4057 Ἡσίοδος·
847 3979 930 4063 μάζα
952 3977 981 4045 τ’
1003 3979 1166 4065 ἀμολγαίη
1190 3981 1274 4063 γάλα
1297 3976 1324 4045 τ’

157 4090 273 4172 αἰγῶν·
298 4088 484 4172 ἀμολγαίην
506 4092 684 4172 κρατίστην
704 4087 858 4171 ἀκμαίαν·
883 4084 1181 4174 (γάλα-ἀκμαίαν
1200 4109 1261 4152 om.
1276 4085 1329 4174 Β),

157 4197 192 4261 τὸ
224 4198 288 4279 γάρ
317 4195 464 4279 ἀμολγὸν
493 4193 545 4260 ἐπὶ
574 4205 634 4260 τοῦ
667 4194 809 4278 ἀκμαίου
838 4197 976 4259 τίθεται.
1019 4190 1260 4278 Ἐρατοσθένης
1293 4190 1330 4258 δὲ

158 4303 362 4388 ποιμενικὴν,
383 4304 632 4386 Καλλίστρατος
650 4298 687 4366 δέ
705 4304 764 4367 τὸν
783 4298 861 4387 (om.
875 4297 918 4387 B)
941 4303 1045 4387 τυρόν
1066 4317 1170 4385 φησιν
1188 4299 1209 4384 ἢ
1227 4301 1330 4387 ἀρτον

160 4407 194 4474 έν
221 4410 359 4493 γάλακτι
387 4407 610 4494 ἐζυμωμένον·
636 4409 741 4494 ,γάλα
764 4406 791 4474 τ’
819 4409 925 4492 αἰγῶν
948 4407 1227 4492 σβεννυμενάωνιι
1255 4404 1328 4473 ἀντὶ
