2970 4980
187 307 208 370 4
498 307 540 360 De
558 304 747 376 peculiaribus
767 306 889 376 Operum
905 306 1042 376 partibus.

188 469 274 534 enim
306 474 452 535 auctores
485 473 608 534 veteres
641 474 697 534 aut
728 474 842 554 poetae
868 470 998 534 nomine
1026 472 1082 533 aut
1109 490 1174 532 uno
1201 467 1357 533 vocabulo

181 575 285 661 Ἔργα
317 580 424 640 toturn
457 597 584 640 carmen
615 575 763 641 indicare.
771 573 796 662 ¹)
844 573 904 639 Sed
935 574 1025 638 nullo
1058 575 1153 639 modo
1184 575 1257 638 inde
1285 596 1358 638 cum

185 682 350 746 nonnullis
387 682 638 747 concludendum
666 682 722 746 illo
751 686 895 765 tempore
923 685 979 745 aut
1008 681 1138 745 omnino
1165 702 1231 745 non
1257 681 1357 745 fuisse

185 787 263 853 Dies
287 792 342 853 aut
364 811 432 853 non
454 812 526 854 cum
547 787 707 873 Operibus
731 789 931 854 coniunctas:
956 809 1024 851 non
1047 787 1152 852 solum
1171 790 1297 852 constat
1316 787 1357 851 ab

186 895 305 959 eisdem
338 894 524 959 auctoribus
532 892 558 981 2)
591 898 766 958 extremam
798 898 922 978 partein
954 894 1104 958 carminis
1133 894 1249 958 lectam
1279 916 1358 980 esse,

185 1025 297 1066 verum
320 1001 417 1066 etiam
439 1023 505 1066 non
528 1001 645 1065 desunt
667 999 774 1088 loci3),
799 1001 916 1086 quibus
939 1001 1070 1066 nomine
1089 999 1227 1086 Ἡμέραι
1251 1004 1357 1065 totum

185 1107 344 1172 indicetur
368 1130 503 1173 carmen.
1381 1192 1383 1196 Α

275 1212 456 1279 Credebant
479 1213 579 1302 alii4),
601 1216 702 1280 fuisse
724 1216 809 1300 apud
832 1216 983 1300 antiquos
1007 1215 1100 1299 plura
1122 1214 1254 1279 nomina
1274 1237 1356 1299 par-

184 1320 280 1385 tium
312 1323 414 1386 totius
449 1320 613 1409 carminis,
649 1345 688 1386 ex
721 1321 931 1386 similitudine
963 1321 1222 1408 Homericorum,
1255 1322 1357 1386 veluti

185 1429 354 1513 Πανδώρα
391 1428 442 1492 vel
478 1433 647 1513 πιθοιγία,
677 1421 938 1514 ιδαιμονολογιά,
975 1427 1185 1514 παραινέσεις
1221 1452 1357 1514 γεωργι-

184 1538 243 1599 ααί
262 1538 319 1599 etc.
367 1533 510 1612 Quorum
533 1536 568 1599 in
589 1558 723 1600 numero
746 1540 901 1618 πιθοιγία
924 1535 1066 1619 quidem,
1095 1536 1218 1599 utiam
1242 1533 1357 1600 Schoe-

184 1639 355 1728 mannus⁵)
374 1641 535 1722 docuerat,
557 1643 684 1707 nullum
702 1642 925 1706 testimonium
943 1640 1042 1705 habet
1060 1644 1204 1709 veterum
1223 1641 1357 1724 scripto-

183 1770 269 1831 rum,
306 1768 365 1812 neo
387 1750 501 1834 'magis
533 1751 782 1833 ducpovoloyc'n:
818 1769 929 1812 verum
960 1751 1038 1811 nata
1070 1750 1146 1810 sunt
1178 1769 1216 1811 ex
1249 1769 1356 1812 errore

184 1852 320 1940 Heinsii,
343 1853 399 1938 qui
423 1855 561 1919 alterum
583 1855 687 1939 finxit,
708 1876 813 1938 neque
837 1854 870 1917 id
889 1854 969 1917 satis
989 1853 1160 1938 eleganter,
1182 1855 1355 1918 secundum

184 1982 296 2025 versus
328 1960 455 2024 Manilii
486 1959 522 2048 (2
528 2013 537 2046 ,
558 1962 596 2024 11
613 1959 714 2048 sqq),
750 1961 886 2025 alterum
923 1960 1021 2024 refert
1058 1959 1097 2023 ad
1129 1981 1199 2023 eam
1230 1964 1356 2044 partem

185 2065 378 2154 (co-105),
398 2067 437 2130 ad
456 2090 552 2151 quam
570 2089 638 2132 non
654 2067 791 2151 rettulit,
810 2067 866 2151 qui
883 2066 971 2131 solus
987 2065 1143 2150 adhibuit,
1161 2065 1355 2131 Eustathius

183 2173 238 2261 (ad
257 2177 290 2238 a
309 2174 372 2237 527
397 2174 436 2238 de
459 2172 517 2258 Op.
538 2174 602 2240 368
614 2172 683 2261 sq).
729 2173 867 2257 Reliqua
890 2177 1007 2257 autem,
1034 2194 1115 2257 quae
1138 2194 1213 2237 sane
1236 2172 1355 2237 inveni-

183 2284 283 2344 untur
311 2279 395 2363 apud
423 2279 573 2363 antiquos
602 2279 788 2364 scriptores,
815 2279 862 2343 ita
890 2282 965 2343 sunt
993 2283 1190 2364 comparata,
1217 2282 1255 2343 ut
1281 2278 1355 2343 inde

183 2386 314 2449 minime
355 2386 525 2450 concludas
563 2407 708 2450 seorsum
744 2408 812 2450 esse
848 2385 1010 2450 lectitatas
1048 2385 1201 2469 quasdam
1237 2389 1354 2469 partes.

184 2491 360 2556 Pausanias
392 2494 478 2557 enim
511 2494 540 2557 si
573 2493 650 2577 quid
681 2486 767 2557 valet
799 2492 885 2576 quod
917 2493 1008 2556 affert
1032 2489 1083 2578 (9,
1102 2494 1142 2557 31
1149 2545 1158 2578 ,
1176 2489 1212 2578 4)
1242 2495 1279 2557 τὸ
1308 2496 1356 2569 εἰς

173 2597 325 2684 Ἔριδας,
358 2599 425 2664 sive
452 2599 526 2663 illae
553 2596 718 2685 Luciani⁶)
745 2597 956 2684 παραινέσεις
982 2602 1171 2683 γεωργιααίε
1200 2598 1277 2683 quid
1299 2599 1355 2663 fiet
1430 2618 1433 2623 ⁴

182 2705 290 2770 verbis
323 2706 384 2771 ὅσα
416 2703 491 2788 περὶ
520 2706 697 2770 Πλειάδων
729 2709 761 2769 et
794 2706 855 2770 ὅσα
887 2703 963 2790 περὶ
994 2716 1120 2789 καιρῶν
1150 2705 1272 2789 ἀρότου
1299 2704 1355 2770 καὶ

181 2812 329 2896 ἀμήτου)
360 2811 513 2876 Partesne
532 2835 551 2876 a
568 2812 700 2896 reliquis
718 2812 864 2876 versibus
883 2811 1071 2876 absolutae?
1103 2810 1153 2876 Ne
1173 2807 1266 2888 αἶνος
1285 2812 1353 2896 qui-

119 2997 123 3006 ·
182 2917 253 2982 dem
271 2940 387 2982 nomen
406 2919 508 3001 partis
528 2919 599 3002 fuit,
617 2918 692 2982 licet
711 2919 832 3002 passim
851 2922 985 2983 utantur
1005 2918 1177 3001 scriptores
1194 2917 1353 3001 imprimis

181 3026 394 3089 recentiorum
415 3023 599 3110 aetatuml)
635 3025 724 3089 Idem
743 3025 828 3089 cadit
846 3024 881 3088 in
900 3021 1170 3112 yvapoloyr'c98),
1187 3024 1251 3088 nisi
1269 3025 1353 3089 forte

180 3181 327 3251 Weilium,
351 3182 439 3236 habet
462 3185 558 3236 tamen
576 3183 716 3250 quaedam
734 3183 860 3253 propria,
884 3181 1051 3252 praesertim
1069 3180 1098 3234 in
1117 3181 1243 3235 versibus
1262 3185 1353 3236 trans-

180 3270 325 3339 ponendis.
363 3270 402 3325 of.
423 3270 506 3323 huius
526 3270 733 3326 dissertationis
753 3289 812 3342 cap.
831 3273 871 3326 IV
888 3274 960 3341 part.
977 3277 1000 3325 5.

271 3362 296 3417 1)
315 3360 363 3414 Ex.
383 3377 423 3430 gr.
444 3359 586 3414 Plutarch.
606 3360 651 3430 (de
671 3377 726 3429 quo
746 3360 820 3414 infra
838 3363 909 3431 part.
925 3363 952 3430 3)
968 3360 1051 3414 Conv.
1068 3358 1180 3424 Quaest.
1197 3366 1254 3429 9p.
1271 3366 1351 3430 736e,

180 3449 241 3501 vita
260 3447 358 3501 Thesei
375 3454 391 3500 3
411 3451 461 3502 etc.
482 3448 637 3503 Pausanias
653 3454 677 3518 9,
693 3456 735 3518 31,
750 3454 774 3504 3.

270 3539 296 3605 2)
315 3536 497 3590 Plutarchum
524 3537 554 3590 in
582 3538 782 3591 commentario
811 3538 846 3591 de
868 3537 974 3592 Diebus
998 3538 1085 3591 verba
1107 3537 1207 3591 fecisse
1230 3540 1353 3592 testatur

180 3624 294 3677 Proolus
313 3624 351 3679 ad
369 3644 393 3680 v.
411 3632 468 3680 794.

270 3717 296 3781 3)
316 3713 356 3769 ef.
375 3715 467 3768 Procli
486 3715 535 3769 vit.
555 3715 669 3769 Homeri
688 3723 713 3770 2.

268 3804 296 3870 4)
314 3801 445 3856 Heinsius
468 3803 499 3857 in
522 3803 589 3857 edit.
608 3803 797 3857 Loesneriana
815 3822 841 3872 p.
863 3810 913 3857 655
924 3822 983 3872 sqq.
1004 3803 1194 3874 Goettlingins
1218 3804 1248 3857 in
1270 3822 1351 3874 prae-

180 3892 286 3946 fatione
315 3891 447 3946 editionis
476 3892 592 3946 alterius
616 3911 642 3962 p.
663 3897 696 3945 35
707 3909 766 3960 sqq.
803 3891 918 3961 Mirum,
947 3893 1023 3960 quod
1045 3893 1177 3947 Flachius
1206 3893 1265 3948 sine
1291 3894 1351 3949 ulla

179 3980 364 4036 adnotatione
383 3981 470 4034 etiam
488 3981 518 4034 in
537 3981 622 4035 tertia
641 3980 765 4034 editione
784 3981 871 4034 verba
889 3981 941 4035 illa
959 3981 1084 4037 retinuit.

268 4074 294 4139 5)
314 4070 372 4139 „De
395 4073 521 4124 veterum
545 4068 704 4122 criticorum
729 4068 804 4122 notis
829 4069 865 4123 ad
889 4069 953 4126 Hes.
973 4071 1023 4139 Op.
1044 4073 1072 4124 et
1090 4069 1174 4124 Dies“
1199 4069 1229 4123 in
1248 4070 1348 4140 Opuse.

179 4159 264 4214 Acad.
283 4160 323 4212 HI
340 4178 366 4228 p.
382 4165 416 4213 47
427 4176 485 4227 sqq.

269 4252 295 4317 6)
313 4247 427 4302 Lucian.
448 4246 513 4302 diss.
534 4263 604 4301 cum.
624 4245 737 4300 Hesiod.
755 4252 778 4301 1.

269 4340 294 4405 7)
313 4336 352 4390 ef.
373 4334 576 4404 Etymologiea
595 4334 698 4406 Lerina
716 4333 782 4402 alia,
802 4335 1070 4406 Paroemiographos
1090 4355 1109 4390 s.
1130 4356 1154 4393 v.

267 4427 293 4495 8)
312 4424 453 4478 Plutarch.
473 4422 541 4477 Vita
560 4423 641 4478 Thes.
661 4429 685 4478 3.
