2970 4980
333 279 487 334 Aristonici
505 281 570 348 περὶ
588 277 709 351 σημείων
727 289 776 336 τοῦ
792 278 923 338 Ἡσιόδου
941 282 1108 354 fragmenta.
1244 287 1305 351 127

132 439 216 505 male
247 445 296 506 est
323 441 568 527 interpretatus,
597 447 653 508 aut
680 445 749 528 ipse
772 467 899 530 quoquc
923 445 1072 531 deceptus
1096 452 1145 512 cst
1167 446 1307 515 Aristar-

62 581 66 588 ·
132 547 221 612 chus.
271 547 372 614 Nullo
401 550 486 614 enim
514 550 610 615 modo
642 552 779 617 concedo
806 575 866 617 nos
889 553 1147 640 particulatius,
1173 560 1306 641 propter

131 677 228 739 quam
258 656 388 742 signum
424 656 535 741 posuit
567 655 789 744 Aristarchus,
822 660 995 725 revocari
1032 659 1071 724 ad
1102 660 1306 747 Theogoniae

129 766 270 847 partem,
297 785 393 848 quam
421 763 495 828 inde
523 764 693 830 concludas
720 766 930 831 vetustiorem
958 789 1026 831 esse
1053 767 1112 832 hac
1135 770 1305 835 veterrima

84 883 85 886 ’
130 867 272 953 Operum
308 870 414 954 partes
473 869 559 936 Nam
594 893 698 956 neque
734 871 768 935 in
804 873 1039 957 antiquissimis
1077 874 1150 940 illos
1194 899 1304 942 versus

130 975 336 1064 Theogoniae
367 976 581 1042 numerandos
612 999 681 1042 esse
713 983 854 1067 constat,
884 1002 988 1065 neque
1020 981 1118 1045 ullam
1147 1004 1215 1046 rem
1242 1005 1306 1048 una

131 1083 291 1166 particula
323 1106 388 1148 uno
416 1106 510 1148 versu
538 1084 647 1167 posito
676 1084 842 1150 diiudicari
870 1108 965 1169 posse
988 1087 1134 1152 concedo.
1181 1088 1243 1154 Sed
1265 1112 1305 1154 ne

128 1187 311 1255 Aristarchi
339 1191 467 1275 quidem
494 1190 573 1255 haec
595 1190 677 1255 falsa
696 1192 855 1256 sententia
878 1192 1004 1257 videtur
1027 1193 1141 1280 fuisse,
1163 1194 1196 1258 id
1220 1195 1305 1279 quod

131 1296 279 1384 athetesi,
311 1297 349 1362 de
382 1319 445 1381 qua
476 1296 561 1361 infra
592 1319 664 1361 sum
695 1297 839 1363 dicturus
872 1296 925 1385 (cf.
955 1299 1051 1364 huius
1080 1300 1154 1365 diss.
1183 1299 1240 1384 IV,
1259 1300 1305 1389 3),

128 1403 256 1468 videtur
283 1404 493 1488 comprobari.
544 1402 647 1470 Immo
676 1405 801 1470 cautius
830 1410 863 1470 et
890 1406 1009 1471 rectius
1036 1406 1091 1471 ille
1113 1428 1304 1492 progressus

25 1595 28 1599 Ι
129 1511 254 1594 διπλῆν
278 1533 368 1576 suam
390 1511 475 1575 nihil
498 1510 585 1575 aliud
607 1511 711 1576 voluit
730 1511 911 1598 significare
930 1516 1027 1596 atque
1045 1512 1221 1596 particulae
1239 1516 1304 1600 ἄρα

93 1659 95 1661 >
128 1615 193 1680 hoc
219 1616 290 1682 loco
319 1639 385 1682 non
412 1618 516 1682 inesse
548 1617 663 1703 igitur,
691 1639 781 1705 ergo,
812 1619 857 1696 ὡς
888 1622 1009 1704 ἔοικεν,
1037 1619 1093 1684 sed
1120 1619 1210 1685 illam
1237 1621 1303 1684 vim

131 1724 297 1808 propriam
326 1724 544 1789 concitatioris
568 1724 693 1789 dicendi
716 1726 842 1810 generis
865 1726 952 1811 quod
979 1729 1028 1790 est
1055 1726 1089 1790 in
1119 1730 1190 1790 tota
1211 1731 1303 1811 parte

128 1830 249 1914 priore,
287 1853 383 1916 quam
415 1853 475 1896 nos
508 1853 585 1895 voce
617 1831 798 1916 „profecto“
830 1832 945 1897 Latine
978 1832 1155 1897 reddamus.
1211 1833 1303 1912 Diait

129 1959 207 2024 crgo
237 1960 274 2002 ex
301 1936 483 2002 Aristarchi
511 1942 599 2002 recta
627 1940 786 2003 sententia
813 1939 897 2004 nihil
923 1943 1019 2024 poeta
1045 1940 1124 2004 nisi:
1155 1962 1222 2005 non
1254 1944 1303 2005 est

129 2065 228 2108 unum
258 2045 402 2128 profecto
430 2065 531 2129 genus
559 2043 694 2131 ἐρίδων,
722 2045 776 2111 sed
804 2049 879 2110 sunt
902 2067 1019 2130 genera
1041 2047 1119 2134 duo,
1142 2070 1212 2112 cum
1236 2071 1303 2114 mo-

130 2154 222 2215 neret
243 2173 284 2215 ne
307 2173 405 2216 unam
428 2154 510 2238 ἔριν,
532 2151 650 2216 malam
675 2152 805 2239 scilicet,
828 2153 866 2216 de
890 2175 953 2236 qua
975 2154 1080 2238 primo
1102 2138 1305 2240 cogitaveris}

129 2279 200 2321 esse
234 2279 441 2323 censeremus.
503 2256 616 2342 Neque
655 2262 705 2322 est
740 2259 819 2323 haec
855 2259 904 2323 vis
941 2259 1044 2325 1111111
1081 2284 1099 2324 1
1135 2262 1303 2347 particula,

128 2363 227 2429 immo
251 2365 336 2429 inest
358 2365 456 2430 etiam
479 2365 514 2428 in
536 2365 696 2448 particula
718 2364 863 2430 Litavica
885 2366 927 2449 ir,
950 2366 1001 2430 cui
1025 2389 1098 2431 cum
1120 2367 1177 2432 illa
1195 2369 1300 2433 forma

126 2470 235 2535 eadem
263 2469 356 2559 est,¹)
380 2475 413 2536 et
440 2472 475 2535 in
497 2472 675 2556 composito
700 2472 777 2558 γάρ,
800 2472 884 2556 quod
909 2475 958 2536 est
989 2468 1131 2560 *y'dp.³)
1178 2474 1224 2539 Et
1256 2476 1302 2538 in-

128 2578 301 2642 veniuntur
328 2600 456 2664 versus,
487 2579 542 2664 qui
570 2601 702 2662 prorsus
731 2578 814 2645 idem
842 2579 991 2643 videntur
1014 2601 1094 2664 esse,
1127 2580 1191 2644 nisi
1215 2582 1300 2665 quod

128 2685 296 2749 minimum
323 2686 458 2750 interest
487 2685 494 2698 '
519 2689 569 2750 ter
597 2708 651 2750 eos
678 2684 786 2750 addita
813 2685 864 2750 vel
892 2686 1011 2750 omissa
1037 2686 1094 2751 illa
1121 2686 1301 2773 „profecto“

128 2792 293 2877 particula,
316 2792 405 2856 velut

129 2939 180 3000 op.
199 2939 227 2982 v.
247 2917 288 2983 69
314 2917 358 2994 ὣς
381 2916 494 3002 ἔφαθ’·
519 2918 554 2982 οί
574 2915 605 2982 d'
633 2917 791 2983 ἐπίθοντο
815 2915 876 2982 Διὶ
898 2921 1068 3003 Κρονίωνι
1091 2921 1207 2984 ἄνακτι

205 3027 228 3088 I
247 3023 291 3087 50
314 3024 359 3100 ὣς
382 3018 495 3109 ἔφαθ’·
520 3025 552 3089 οἱ
575 3020 605 3087 δ’
633 3025 705 3109 ἄρα
728 3025 849 3100 πάντες
872 3023 1009 3108 ἐπίαχον
1031 3015 1101 3101 υἷες
1120 3023 1269 3109 Ἀχαιῶν.

128 3147 276 3233 Denique
303 3148 473 3213 manifesto
498 3148 726 3231 comprobatur
749 3149 909 3213 sententia
931 3153 1044 3213 nostra
1067 3149 1301 3214 Timocreontis

130 3255 187 3319 illa
208 3254 305 3320 huius
329 3277 439 3320 versus
463 3253 690 3342 imitatione23)

409 3379 470 3445 οὐκ
492 3382 557 3466 ἄρα
584 3378 774 3465 Τιμοκρέων
797 3390 921 3464 μοῦνος
943 3379 1017 3465 aad,

130 3505 217 3588 quod
246 3504 344 3569 simili
372 3504 467 3569 modo
491 3509 611 3570 vertas:
639 3527 705 3569 non
728 3509 777 3569 est
799 3506 974 3589 profecto
997 3528 1080 3571 unus
1103 3506 1302 3591 Timocreon,

130 3611 188 3694 qui
199 3663 204 3675 .
216 3664 222 3676 .
233 3663 258 3676 ..
274 3609 325 3698 (ut
348 3615 384 3675 tu
404 3609 598 3698 credideris),
616 3612 747 3676 minime
766 3634 841 3677 vero
861 3635 932 3677 cum
952 3611 1151 3698 Goettlingio
1170 3615 1205 3676 in
1218 3635 1300 3677 com-

130 3718 290 3782 mentario
309 3719 416 3782 versui
434 3717 593 3783 Hesiodeo
613 3718 787 3802 adscripto:
805 3719 916 3784 iriiher
930 3718 1084 3803 glaubten
1098 3719 1210 3802 einige
1224 3717 1301 3782 aber

128 3845 163 3888 cs
182 3847 249 3889 war
271 3824 369 3890 nicht.
408 3824 499 3890 Hanc
518 3826 619 3910 igitur
636 3826 703 3890 vim
721 3826 808 3890 vocis
827 3827 891 3911 ὀίρα
910 3829 946 3888 ut
966 3825 1011 3888 eis
1031 3825 1086 3908 qui
1104 3823 1248 3909 legerent
1265 3825 1300 3888 in

128 3934 270 3995 mentem
293 3935 466 4017 revocaret,
489 3931 611 3997 addidit
635 3933 763 4018 signum
785 3930 994 3995 Aristarchus
1016 3952 1075 3994 nec
1097 3935 1160 4018 est,
1187 3953 1243 3996 cur
1266 3932 1300 3995 in

130 4035 200 4101 eius
224 4038 401 4103 doctrinam
429 4039 631 4126 invehamur3
658 4061 693 4104 re
720 4041 828 4103 autem
850 4058 917 4103 non
938 4037 1020 4102 bene
1042 4042 1209 4122 perspecta
1226 4036 1300 4102 Ari·
1330 4046 1331 4050 ’

263 4230 337 4286 Vide
355 4232 387 4287 Κ.
407 4233 582 4303 Bmgmann,
601 4233 663 4288 Ber.
683 4232 709 4287 d.
730 4231 819 4286 s'achs.
840 4229 902 4285 Ges.
924 4231 949 4287 d.
970 4231 1053 4286 Wiss.
1074 4236 1151 4299 1883,
1170 4248 1196 4300 p.
1212 4235 1246 4283 33
1257 4248 1297 4300 sq.

265 4320 319 4376 Sed
339 4323 436 4377 contra
456 4322 526 4376 dicit
544 4323 577 4377 H.
597 4321 734 4377 Weberus
753 4319 853 4375 Philol.
872 4320 1013 4376 Rundsch.
1033 4321 1080 4392 IV,
1099 4339 1125 4390 p.
1137 4325 1214 4376 1078.

264 4409 366 4480 Bergk.
385 4411 455 4466 PLG
473 4412 505 4467 ir.
521 4417 545 4465 3.
