2970 4980
215 309 279 373 162
454 307 495 362 De
514 307 636 378 Operum
655 307 781 362 versibus
799 304 835 361 ab
855 306 978 376 antiquis
996 308 1129 364 laudatis.

213 472 429 558 ἐπαινέσσειε,
450 470 610 535 Lucianus
633 493 708 536 vero
733 469 767 558 (l.
785 469 822 558 Ι.)
845 476 878 535 et
900 471 1109 557 Eustathius,
1136 471 1192 556 qui
1215 471 1256 536 de
1279 472 1389 538 forma

209 605 240 666 p.
262 579 356 644 1315.
377 579 419 644 14
439 580 517 664 agit,
539 579 688 642 videntur
706 578 823 664 legisse
843 578 1037 662 ἐπαινήσειε.
1084 577 1187 656 Quam
1209 578 1387 644 lectionem

210 710 277 752 non
291 685 478 751 crediderim
492 707 562 749 esse
575 685 709 770 variam,
723 685 822 749 immo
836 685 1009 750 verisimile
1023 689 1072 750 cst
1085 685 1156 750 loco
1173 685 1299 751 formae
1309 709 1386 751 raro

209 791 379 879 usitatael)
403 791 604 857 ἐπαινέσσειε
627 791 716 856 illam
740 792 844 877 magis
867 792 980 856 tritam
1009 791 1195 876 ἕπαινήσειε
1226 793 1386 878 scriptam

209 922 292 984 esse3
316 900 401 983 quod
420 903 476 963 aut
499 902 573 962 ante
590 900 724 963 testium
746 899 876 963 illorum
894 903 1040 984 tempora
1062 899 1252 964 factumest
1276 899 1313 964 in
1338 900 1386 966 eis

131 1006 133 1011 ’
208 1007 312 1091 libris,
339 1028 419 1089 quos
442 1005 600 1092 legerunt,
622 1010 678 1069 aut
701 1011 813 1090 postea
835 1006 869 1070 in
892 1006 972 1090 ipsis
995 1005 1130 1071 Luciani
1152 1011 1185 1071 et
1210 1007 1386 1072 Eustathii

207 1113 309 1177 libris.
329 1111 528 1177 —Versum
549 1112 589 1177 13
612 1135 696 1177 unus
719 1113 831 1177 citavit
853 1112 1014 1178 Lucienus
1037 1114 1057 1179 l.
1076 1113 1097 1178 l.

296 1218 418 1284 Versus
437 1219 569 1285 21-24
596 1221 688 1284 affert
717 1218 874 1285 Stobaeus
897 1222 933 1284 in
954 1221 1058 1306 capite
1081 1219 1156 1304 περὶ
1179 1226 1387 1307 φιλοπονίας

206 1327 322 1391 XXIX.
346 1329 366 1392 2
394 1325 483 1414 (edit.
507 1326 622 1390 Hensii
646 1350 674 1410 p.
696 1324 784 1414 626).
839 1326 984 1405 Quorum
1015 1328 1050 1392 in
1081 1328 1186 1412 primo
1218 1328 1385 1394 laudando

206 1436 330 1500 librarii
358 1435 494 1500 duorum
521 1435 665 1499 codicum
694 1432 863 1521 (Marciani
891 1437 925 1499 et
951 1433 1103 1521 Parisini)
1134 1435 1244 1499 eadem
1272 1459 1308 1500 re
1339 1438 1386 1502 of·

205 1543 287 1606 fensi
311 1546 408 1626 atque
430 1542 626 1606 nostratium
648 1541 795 1605 nonnulli
820 1539 872 1627 (cf.
886 1540 1019 1627 Usener,
1033 1540 1094 1606 Rh.
1108 1541 1152 1607 Μ.
1165 1541 1288 1628 ΧΧΙΠ,
1301 1542 1385 1630 147)

205 1672 263 1732 pro
287 1652 426 1734 χατίζων
450 1649 646 1732 scripserunt
668 1651 788 1732 χατίζει
810 1647 862 1712 vel
884 1670 1069 1733 perversum
1092 1648 1173 1713 illud
1191 1653 1384 1736 χατίζοντα;

205 1761 238 1820 at
265 1757 322 1820 ubi
351 1756 414 1820 rati
438 1760 514 1819 sunt
538 1755 743 1819 difficultates
766 1756 879 1840 inesse,
901 1777 967 1819 non
991 1759 1067 1819 sunt
1090 1753 1186 1843 (conf.
1210 1754 1385 1822 Sittelium

205 1864 245 1927 ad
266 1861 418 1949 versum).
446 1901 490 1908 —
517 1861 556 1925 In
578 1885 607 1926 v.
627 1864 669 1927 22
693 1860 851 1927 Stobacus
880 1862 957 1927 facit
980 1885 1052 1926 cum
1076 1862 1193 1927 codicis
1211 1846 1248 1926 'D
1272 1863 1384 1928 forma

204 1970 362 2054 ricapecora
386 1969 405 2032 i.
429 1991 454 2032 e.
478 1969 660 2054 ἀρόμμεναι
684 1966 866 2056 (ἀρώμεναι
890 1966 915 2033 O
939 1973 971 2033 et
993 1967 1120 2056 Ambr.)
1143 1970 1320 2057 immerite,
1344 1976 1383 2036 ut

204 2076 346 2139 ostendit
368 2074 526 2139 Rzachius
546 2073 633 2160 („der
655 2075 739 2141 Dial.
763 2074 839 2141 etc.“
860 2100 890 2161 p.
910 2076 985 2161 446,
1008 2076 1073 2140 439
1084 2099 1139 2162 sq,
1163 2077 1200 2141 cf.
1225 2075 1382 2143 Curtium

202 2181 636 2270 „Verbum“1352-357).
691 2182 808 2247 Forma
835 2183 936 2268 igitur
968 2183 1108 2269 genuina
1139 2183 1180 2248 ab
1212 2184 1381 2269 imperitis

202 2289 331 2354 demum
348 2289 489 2353 librariis
509 2289 681 2373 depravata
698 2312 739 2354 ne
757 2290 818 2354 hoc
841 2291 969 2374 quidem
986 2290 1058 2355 loco
1078 2294 1128 2355 est
1149 2290 1301 2356 lectionis
1326 2316 1382 2358 va-

202 2398 308 2462 rietas.
333 2435 374 2444 —-
399 2395 536 2461 Versum
560 2396 602 2461 23
626 2398 836 2461 laudaverunt
859 2401 986 2481 praeter
1009 2395 1185 2463 Stobacum
1209 2396 1245 2484 (l.
1264 2397 1301 2486 l.)
1323 2423 1380 2464 au-

202 2509 272 2568 ctor
295 2505 403 2588 Etym.
422 2504 533 2589 Magni
556 2527 586 2588 p.
605 2503 679 2568 411.
700 2504 742 2568 22
767 2502 854 2590 (inde
877 2505 917 2568 ab
942 2526 1018 2569 voce
1042 2502 1156 2592 ζηλοῖ),
1180 2503 1380 2572 Ammonius¹

202 2609 262 2697 (ed.
281 2611 487 2675 Valckenaer.
506 2635 536 2694 p.
551 2608 608 2697 64)
628 2611 687 2675 sub
706 2611 805 2674 verbo
826 2614 929 2695 ζῆλος,
947 2611 1087 2675 Thomas
1106 2610 1264 2696 Magister
1284 2611 1379 2700 (edit.

200 2717 371 2781 Ritschelii
381 2741 410 2801 p.
424 2717 500 2804 166)
512 2718 571 2781 sub
587 2717 694 2782 eadem
707 2739 794 2805 voce,
803 2717 997 2782 Eustathius
1012 2718 1052 2782 ad
1061 2716 1174 2802 Odyss.
1184 2742 1214 2803 p.
1228 2719 1379 2787 152736

200 2824 330 2888 eandem
344 2829 476 2909 propter
490 2847 557 2889 rem
573 2828 605 2889 ct
620 2829 732 2889 auctor
746 2825 840 2890 lexici
855 2824 1117 2890 Vindobonensis
1132 2823 1221 2913 (edit.
1232 2825 1379 2893 Nauchii

200 2930 271 3020 96);
294 2931 486 2995 Plutarchus
512 2930 563 3019 (de
587 2953 652 3015 cap.
676 2954 714 2995 ex
738 2931 876 2996 inimicis
899 2932 997 2996 utilit.
1020 2955 1050 3016 p.
1070 2932 1146 3017 aaa,
1169 2932 1214 2998 ed.
1239 2933 1338 3000 Bern.
1363 2935 1379 3001 Ι

199 3038 279 3126 222)
308 3039 511 3103 adumbravit
538 3061 606 3102 rem
634 3040 727 3122 quasi
750 3061 833 3125 cam,
856 3061 953 3123 quam
975 3040 1129 3104 memoria
1151 3041 1300 3128 tenebat,
1323 3065 1378 3108 ne-

199 3168 261 3229 que
288 3146 359 3229 ipso
383 3144 517 3209 Hesiodi
540 3145 623 3210 libro
652 3146 806 3229 inspecto.
831 3183 873 3192 -
903 3144 993 3210 ldem
1015 3146 1100 3212 valet
1123 3147 1162 3210 de
1184 3169 1214 3212 v.
1234 3147 1292 3234 243
1317 3151 1377 3216 ubi

198 3251 297 3315 habes
324 3251 495 3315 lectionem
521 3253 642 3316 variam
669 3253 823 3337 inspectis
853 3251 984 3317 Stobaei
1006 3252 1114 3337 libris,
1137 3255 1194 3337 qui
1217 3255 1377 3323 exhibent

198 3357 268 3420 loco
302 3359 473 3422 accusativi
504 3356 677 3424 σπεύδοντ’
704 3359 939 3423 nominativum
971 3361 1134 3425 succidere.
1186 3360 1377 3449 Utrumque

199 3487 274 3528 sanc
290 3469 376 3529 stare
391 3469 507 3551 potest,
519 3487 623 3548 neque
637 3466 713 3530 licet
728 3466 841 3553 dicere,
860 3488 940 3550 quae
954 3467 1052 3531 fuerit
1070 3467 1160 3551 prior
1178 3472 1211 3532 et
1231 3472 1376 3554 genuina

196 3571 301 3636 lectio.
342 3570 451 3655 Atque
465 3575 534 3635 erat
549 3572 631 3657 fons,
649 3594 666 3636 e
686 3595 749 3656 quo
765 3570 924 3638 Stobacus
939 3572 1099 3638 Hesiodea
1118 3596 1176 3639 sua
1190 3575 1376 3664 hauriebat,

197 3701 213 3742 e
227 3678 471 3765 diligentissime
485 3678 684 3765 conscriptis,
693 3683 729 3743 ut
745 3680 882 3744 elucebit
891 3684 1013 3764 postea.
1045 3679 1169 3746 Eodem
1179 3684 1375 3752 testimonio

195 3787 343 3850 firmatur
366 3787 463 3850 etiam
485 3786 578 3850 unice
606 3808 716 3849 verum
739 3788 872 3869 ἄφενος
890 3787 1008 3852 codicis
1023 3783 1048 3852 O
1064 3786 1108 3875 (D
1122 3791 1155 3852 et
1174 3789 1270 3855 Mess.
1290 3793 1376 3877 ἄφε-

195 3890 288 3978 νον.)
328 3890 449 3956 Contra
467 3914 542 3956 vero
561 3888 747 3978 Rzachium,
770 3893 825 3976 qui
849 3894 884 3957 in
902 3894 1058 3976 symbolis
1081 3894 1234 3980 Pragens.
1255 3921 1286 3982 p.
1311 3901 1375 3966 183

195 4003 364 4081 utramque
387 3999 524 4063 formam
548 3999 697 4064 credebat
721 4003 806 4062 stare
829 4022 924 4084 posse
947 4001 1044 4064 etiam
1067 4000 1129 4066 hoo
1152 4000 1186 4065 in
1205 4001 1375 4070 Hesiodeo

194 4127 303 4190 versu,
332 4104 410 4168 facit
441 4110 568 4189 practer
599 4106 660 4170 hoc
693 4104 823 4170 Stobaei
855 4107 1078 4172 testimonium
1110 4107 1208 4173 etiam
1236 4109 1375 4197 Didymi

283 4353 309 4422 1)
336 4349 469 4404 Conferas
497 4351 650 4405 Bacchium
679 4353 746 4420 „der
771 4352 885 4406 Dialekt
915 4354 964 4407 des
992 4352 1148 4409 Hesiodos“
1173 4355 1373 4417 mathaeus.

192 4440 263 4495 Phil.
283 4439 373 4509 suppl.
388 4438 460 4493 VIII.
475 4458 501 4508 p.
516 4446 576 4495 443.
