2970 4980
151 320 195 384 46
456 318 498 374 Dc
517 317 693 389 Moschopuli
712 317 881 373 scholiorum
898 317 985 373 fonte.

156 504 237 566 quaa
260 504 333 547 cum
354 481 415 546 hac
438 485 514 547 sunt
537 482 716 547 coniuncta.
762 478 884 546 Contra
906 502 1029 546 morem
1052 502 1147 545 suum
1168 479 1232 545 hoc
1255 479 1324 545 loco

151 588 266 654 Tzetza
299 611 331 654 se
365 589 462 674 gerit:
494 589 627 673 Epicuri
660 588 839 653 doctrinam
872 587 1038 672 amplexus
1071 591 1184 652 contra
1216 608 1325 652 unam-

154 718 314 781 quamque
337 696 403 759 fere
422 695 614 759 sententiam
637 692 771 759 Hesiodi
794 694 980 778 disputavit.
988 692 1013 781 1)
1051 691 1164 778 Neque
1188 693 1326 779 contigit

152 803 258 889 nobis,
276 806 314 867 ut
332 802 455 867 fontem
475 802 543 865 eius
562 802 790 886 detegeremus.
828 799 920 876 Quod
939 800 1025 865 enim
1042 800 1101 864 Ed.
1120 797 1325 888 Nordcnus²)

152 908 302 974 credebat
325 908 473 973 Taetzam
501 931 520 973 a
542 907 685 972 Diodoro
714 907 892 973 doctrinam
921 929 1013 971 suam
1040 910 1225 972 mutuatum
1250 929 1327 994 esse,

151 1038 192 1081 ne
219 1016 327 1100 ipsum
356 1015 484 1100 quidem
511 1015 617 1080 virum
645 1015 775 1079 doctum
797 1014 882 1100 fugit
906 1035 976 1078 esse
998 1014 1033 1077 in
1056 1036 1180 1078 summa
1203 1014 1326 1098 conspi-

151 1123 278 1188 ratione
306 1123 462 1207 quaedam
490 1123 574 1207 apud
597 1122 758 1208 Tzetzam,
786 1142 867 1205 quae
894 1121 929 1185 in
951 1120 1094 1186 Diodoro
1120 1120 1172 1186 vel
1195 1121 1325 1186 omnino

152 1250 219 1294 non
241 1227 293 1294 vel
316 1229 410 1295 aliter
433 1229 651 1316 inveniantur,
674 1251 747 1294 cum
764 1231 873 1292 tamen
891 1227 1083 1313 Epicuream
1101 1250 1213 1294 eorum
1232 1227 1326 1314 origi·

153 1356 227 1400 nem
245 1339 383 1401 testetur
397 1335 574 1401 Lucretius.
582 1333 608 1423 ³)
642 1334 731 1400 Haec
744 1335 892 1401 Taetzam
911 1357 950 1399 ex
965 1334 1066 1400 altero
1082 1334 1222 1419 quodam
1237 1335 1326 1400 fonte

155 1442 273 1507 hausta
296 1446 370 1527 apte
392 1443 499 1527 ipsum
522 1443 726 1508 coniunxisse
749 1464 852 1527 neque
876 1463 935 1528 ego
960 1442 1108 1528 adducor,
1130 1446 1167 1507 ut
1191 1441 1326 1529 credam

152 1570 257 1634 neque
280 1550 476 1614 crediturum
498 1572 568 1614 esse
587 1554 677 1636 puto,
700 1550 892 1633 quicumque
911 1547 1043 1612 Taetzae
1061 1549 1228 1635 ingenium
1246 1549 1326 1613 satis

153 1657 348 1742 cognoverit.
394 1657 439 1721 Et
471 1660 562 1741 patet
593 1656 698 1721 multo
731 1656 908 1740 simplicior
940 1655 1039 1720 ratio:
1072 1656 1180 1721 omnia
1212 1655 1327 1721 Taetza

152 1763 246 1827 unico
271 1784 330 1827 suo
353 1763 438 1827 fonti
462 1763 586 1850 debuit,
609 1763 731 1828 scilicet
755 1762 886 1828 scholiis
910 1760 1093 1847 Hesiodeis,
1121 1784 1201 1846 quae
1224 1784 1328 1847 usquc

152 1870 193 1933 ab
216 1869 305 1934 illius
326 1870 365 1934 ad
383 1869 466 1934 hanc
485 1873 624 1935 aetatem
642 1870 844 1956 interierunt,
864 1869 1042 1934 Proclianis
1062 1869 1140 1934 dico.
1176 1868 1328 1934 Proclum

152 1976 238 2040 enim
265 1976 334 2041 veri
362 1980 412 2040 est
439 1976 639 2041 simillimum
667 1999 706 2041 ex
735 1998 793 2041 suo
822 1998 910 2041 more
935 1976 1151 2061 disputavisse
1175 1977 1215 2041 ad
1237 1977 1329 2042 illam
1362 2035 1365 2042 .

152 2083 302 2147 carminis
339 2087 464 2167 partem
500 2087 532 2147 et
569 2084 698 2168 copiose
730 2087 762 2148 et
793 2082 1018 2169 philosophiae
1049 2083 1162 2149 habita
1193 2084 1327 2149 ratione.

152 2189 312 2273 Epicurea
335 2212 408 2254 eum
431 2189 549 2254 dixeris
573 2191 723 2254 attulisse
746 2190 958 2276 impugnandi
980 2213 1083 2254 causa.
1131 2188 1255 2256 Similis
1278 2194 1329 2255 est

151 2294 255 2382 locus,
281 2296 339 2361 ubi
372 2296 536 2361 invehitur
567 2296 664 2362 homo
694 2296 831 2362 stolidus
859 2298 894 2361 in
919 2295 1083 2382 Proclum,
1116 2297 1203 2381 quod
1230 2297 1329 2362 nimis

151 2403 267 2489 multa,
301 2404 421 2469 scribat
455 2404 494 2469 ad
523 2427 552 2469 v.
577 2402 621 2468 54
644 2402 688 2492 (p.
709 2402 779 2492 80):
811 2404 872 2469 hoc
899 2404 970 2489 ipso
998 2403 1069 2469 loco
1096 2403 1267 2468 Procliana
1293 2405 1329 2469 in

152 2511 275 2575 nostris
298 2511 488 2576 tenuissima
512 2515 597 2576 sunt.

243 2616 331 2693 Quae
363 2641 436 2684 cum
468 2619 514 2683 ita
547 2619 626 2707 sint,
657 2619 691 2683 id
722 2619 835 2703 procul
867 2618 966 2683 dubio
998 2640 1082 2682 nunc
1110 2617 1203 2682 credo
1232 2622 1329 2706 stara,

152 2727 259 2789 totum
291 2725 439 2791 Tactzam
471 2726 608 2810 pendere
641 2748 679 2790 ex
713 2724 910 2791 scholiorum
941 2725 1078 2809 quadam
1111 2725 1251 2812 sylloge,
1287 2725 1328 2791 ad

153 2854 249 2916 quam
272 2833 504 2898 restituendam
526 2855 599 2898 cum
622 2833 731 2897 fructu
754 2832 968 2896 adhibebitur.

242 2938 330 3004 Idem
352 2940 438 3005 valet
461 2940 499 3004 dc
518 2938 740 3024 Moschopulc,
764 2938 829 3003 11111
848 2939 989 3023 exceptis
1007 2939 1098 3024 locis,
1119 2938 1177 3003 ubi
1195 2938 1328 3023 propria

155 3044 210 3109 ille
239 3067 297 3109 sua
324 3046 429 3110 utitur
455 3045 653 3131 paraphrasi.
699 3045 780 3109 Eius
808 3046 973 3131 ingenium
1000 3066 1170 3130 pernosces
1199 3067 1238 3109 111
1262 3066 1326 3110 uno

153 3151 308 3235 exemplo.
341 3151 390 3216 De
407 3152 647 3237 interpretanda
661 3151 825 3217 Pandorae
839 3153 957 3236 fabula,
976 3153 1011 3216 111
1025 3155 1153 3236 quaest
1166 3151 1326 3236 plurimus

154 3258 280 3344 Tacatua,
303 3281 366 3343 quo
390 3281 502 3324 rursus
525 3259 620 3344 plura
643 3260 808 3344 scripsisse
832 3259 1045 3324 conclusimus
1068 3258 1232 3345 Proclum‚
1259 3258 1327 3323 Mo·

153 3365 328 3449 schopulus
351 3386 391 3430 ne
414 3365 549 3430 verbum
572 3364 700 3449 quidem
723 3366 813 3430 dixit.
857 3363 909 3429 Ad
931 3387 959 3430 v.
981 3365 1020 3429 71
1046 3362 1091 3451 (p.
1111 3362 1227 3452 92sq.)
1250 3368 1326 3448 post

152 3472 308 3556 quaedam
341 3472 381 3536 ab
414 3472 486 3555 ipso
519 3472 623 3536 aliena
654 3473 761 3557 pergit
794 3495 890 3556 quam
922 3472 1143 3555 copiosissime
1175 3471 1262 3537 hunc
1291 3472 1326 3535 in

151 3579 295 3644 modum:
322 3580 360 3644 τὸ
388 3587 455 3644 πᾶν
482 3575 520 3643 δὲ
546 3588 717 3644 τοιοῦτον·
751 3579 856 3656 οὕτως
880 3581 956 3664 ἔφη·
979 3580 1108 3644 πλατὺν
1131 3575 1168 3643 dl
1193 3577 1325 3660 ἐγέλασε

152 3685 277 3769 γέλωτα
305 3685 323 3752 ὁ
351 3685 457 3771 πατὴρ
487 3696 555 3750 τῶν
582 3685 717 3769 ἀνδρῶν
743 3683 798 3750 καὶ
826 3696 893 3751 τῶν
920 3691 1024 3750 θεῶν·
1057 3686 1116 3750 τὸν
1137 3682 1324 3769 Ἥφαιστον

152 3791 204 3875 δέ,
234 3787 275 3857 οὗ
302 3794 322 3876 ἡ
351 3792 443 3878 conpr}
470 3790 678 3880 περιᾴδετιιι,
707 3790 856 3858 ἐκέλευσε
884 3801 948 3876 γῆν
970 3791 1068 3857 ὕδατι
1091 3793 1251 3876 μιγνύναι
1275 3792 1323 3857 ὅτι

242 4005 268 4068 1)
287 4003 326 4058 cf.
347 4003 384 4058 ad
402 4022 427 4058 v.
443 4010 477 4057 41
495 4022 523 4073 p.
538 4009 656 4073 ‹si-703
676 4004 713 4058 ad
731 4022 756 4059 v.
771 4011 806 4058 41
825 4023 851 4074 p.
869 4009 914 4073 r1;
935 4003 971 4056 ad
989 4021 1015 4057 v.
1030 4008 1064 4056 45
1083 4022 1110 4073 p.
1127 4007 1159 4055 11
1175 4004 1227 4056 etc.

242 4096 269 4163 2)
288 4091 437 4162 „Beitrhge
465 4111 514 4147 zur
537 4092 636 4148 Gesch.
661 4093 711 4148 der
733 4093 837 4163 griech.
856 4092 981 4146 Philcs.“
1004 4091 1179 4146 Jahrbucher
1205 4091 1251 4144 fiir
1274 4089 1321 4144 Ph.

154 4187 221 4236 1893
242 4181 332 4252 suppl.
347 4181 419 4237 XIX.
438 4201 465 4252 p.
480 4188 532 4237 412
544 4200 603 4251 sqq.
641 4182 682 4235 De
700 4181 824 4235 Diodoro
843 4180 873 4234 in
886 4180 959 4235 libro
974 4181 987 4233 I
1007 4197 1028 4235 c.
1046 4187 1131 4249 lsqq.
1169 4179 1322 4250 Epicureae

152 4271 297 4328 doctrinae
316 4273 455 4327 sectatore
474 4271 507 4326 cf.
528 4271 683 4327 Usenerum
701 4269 873 4340 ,1111111111ιι
891 4289 918 4341 p.
934 4275 986 4324 380
997 4287 1036 4339 sq.

241 4365 268 4432 3)
287 4359 327 4417 cf.
356 4361 487 4417 Taetzam
514 4360 580 4416 edit.
610 4360 697 4416 Gaisf.
721 4377 748 4429 p.
767 4365 813 4429 68,
844 4359 998 4414 Diodorum
1020 4359 1077 4428 Is,
1110 4358 1272 4413 Lucretium
1289 4356 1321 4412 V.

152 4456 204 4507 948
218 4468 277 4520 sqq.
