2970 4980
384 306 426 362 De
444 307 536 363 Procli
556 307 725 364 scholiorum
743 307 838 364 indole
857 311 886 363 et
903 308 1036 365 fontibus.
1253 309 1296 375 95

122 471 221 537 habet
245 472 354 537 eadem
372 473 439 537 fere
457 476 569 538 auctor
587 472 695 557 Etym.
714 471 798 538 Flor.
818 495 848 556 p.
863 473 905 537 39
926 470 1149 561 (ἀποψύχειν).
1184 471 1297 559 Neque

122 579 295 645 immemor
319 583 369 644 est
386 579 483 644 huius
501 579 573 665 1661,
593 602 687 664 quem
705 579 846 663 inspexit
865 582 897 644 et
914 580 1045 644 nomine
1063 580 1202 645 auctoris
1220 602 1298 645 non·

123 686 200 750 dum
224 686 377 751 orbatum
400 687 532 772 invenit,
551 686 745 751 Eustathius
768 687 808 750 ad
826 685 914 751 Iliad.
934 710 965 771 p.
981 687 1054 772 866,
1072 688 1121 752 18.
1139 686 1298 752 -Procli

123 797 213 881 sunt,
243 816 325 879 quae
357 797 433 858 sunt
465 795 505 858 ad
536 816 564 858 v.
595 794 673 880 768,
704 816 734 877 p.
762 794 828 858 418
866 793 926 858 sub
960 795 1066 870 ἄλλως
1095 791 1147 880 (cf.
1175 815 1206 876 p.
1231 792 1295 881 75).

121 898 173 964 Ad
196 923 225 965 v.
246 900 319 987 770,
337 923 367 984 p.
386 900 449 965 421
476 904 675 965 commutent
696 899 830 964 Proclus
854 904 886 964 et
910 897 1013 964 Vetus
1037 900 1157 964 tradita
1176 901 1297 965 scholia

123 1004 175 1095 (cf.
194 1030 224 1091 p.
246 1004 311 1093 75).
357 1005 408 1071 Ad
431 1030 460 1072 v.
482 1007 545 1072 760
573 1030 612 1072 ex
640 1007 713 1072 aliis
740 1008 888 1073 fontibus
915 1007 991 1071 licet
1014 1007 1184 1072 restituere
1208 1007 1296 1073 scho-

121 1113 212 1201 lium,
240 1114 326 1198 quod
353 1114 389 1178 in
415 1114 557 1200 vulgetis
584 1115 695 1202 periit,
723 1114 789 1180 scil.
813 1137 850 1179 ex
874 1114 982 1198 Etym.
1006 1113 1113 1200 Magn.
1131 1138 1162 1199 p.
1182 1115 1234 1200 60,
1254 1114 1295 1179 16

123 1218 176 1308 (ef.
195 1218 331 1309 notam),
354 1221 412 1286 ubi
436 1221 582 1286 advertas
605 1222 744 1286 maxime
762 1219 968 1308 Vossianum‚
991 1221 1103 1286 deinde
1126 1244 1164 1286 ex
1187 1221 1295 1305 Etym.

122 1325 270 1392 Gudiano
297 1352 328 1413 p.
352 1328 410 1415 38,
435 1329 484 1393 18.
534 1327 596 1393 Η16
626 1329 826 1413 adiungenda
849 1332 925 1393 sunt
948 1327 1118 1392 Tzetziana
1140 1349 1297 1414 gramma·

120 1435 186 1500 1166
214 1435 253 1500 66
280 1456 357 1501 voce
385 1438 442 1519 ἔνη
466 1458 495 1519 p.
515 1434 595 1522 420,
614 1435 670 1519 24,
698 1436 890 1519 quibuscum
917 1435 1061 1500 conferas
1085 1434 1296 1500 Eustathium

121 1541 162 1606 66
185 1540 298 1626 Odyss.
318 1567 349 1628 p.
370 1542 465 1628 1866,
486 1542 537 1628 10,
561 1543 616 1627 661
639 1547 748 1607 tamen
770 1543 877 1608 nescio
902 1565 942 1606 en
964 1542 1100 1625 pendeat
1123 1543 1232 1627 potius
1256 1565 1295 1607 ex

120 1647 302 1714 Homericis
326 1649 471 1737 scholiis,
494 1672 576 1734 quae
598 1672 683 1715 nunc
705 1672 772 1715 non
794 1650 950 1715 novimus.

210 1754 388 1839 Excipiunt
411 1755 533 1821 scholia
555 1757 595 1820 ad
618 1779 645 1821 v.
672 1756 749 1844 775,
771 1782 801 1842 p.
820 1757 900 1840 424,
919 1757 963 1820 34
988 1754 1083 1844 (16166
1106 1755 1220 1821 Proclo
1243 1756 1295 1821 66-

122 1861 290 1948 scriptum3
322 1863 359 1926 cf.
388 1886 418 1947 p.
444 1860 500 1951 75)
529 1867 561 1927 et
585 1863 625 1927 ad
647 1886 675 1928 v.
697 1864 759 1927 777
784 1888 814 1948 p.
836 1862 917 1950 425,
940 1862 991 1930 25.
1038 1861 1217 1927 Secundum
1245 1885 1296 1927 ex-

122 1967 279 2052 scriptum
315 1972 364 2034 est
401 1993 419 2033 a
455 1969 582 2055 Tzetza‚
615 1971 670 2054 qui
702 1971 847 2054 pleniora
876 1970 949 2035 inde
982 1970 1138 2035 nonnulla
1166 1969 1296 2035 exhibet

121 2097 152 2159 p.
169 2074 248 2162 426,
270 2076 325 2161 11,
351 2075 487 2140 fortasse
515 2077 612 2141 etiam
640 2077 680 2141 ab
704 2081 833 2142 auctore
856 2076 965 2162 Etym.
988 2077 1096 2164 Magn.
1118 2100 1149 2161 p.
1174 2076 1251 2163 135,
1274 2078 1295 2141 2

122 2180 243 2269 61605,
258 2181 315 2268 353
338 2183 417 2247 adde
437 2184 655 2269 grammatica,
674 2206 755 2269 6666
773 2184 904 2249 exhibet
922 2180 1153 2269 Moschopulus
1171 2206 1201 2268 p.
1220 2184 1295 2270 428,

123 2289 241 2387 1ᾗ20.
286 2288 372 2354 Hinc
396 2311 476 2374 quae
500 2313 602 2390 usque
625 2291 665 2356 ad
687 2291 784 2357 finem
806 2291 956 2355 carminis
978 2312 1036 2374 per
1058 2292 1165 2367 ἄλλως
1183 2294 1296 2356 661616

122 2399 211 2482 sunt,
242 2396 311 2460 noli
342 2397 450 2461 omnia
479 2396 591 2463 Veteri
622 2399 777 2483 tribuere3
810 2402 886 2462 sunt
918 2397 998 2481 eius,
1031 2418 1112 2481 6666
1143 2397 1295 2483 leguntur

120 2525 152 2587 p.
176 2503 361 2586 429,1-3.
398 2504 474 2591 437,
492 2505 632 2569 28-30.
665 2504 899 2592 441,15-22.
936 2503 1016 2588 445,
1039 2502 1188 2567 22-26.
1220 2503 1295 2588 446,

123 2609 263 2676 14-18,
297 2610 377 2697 447,
404 2611 544 2676 14-18.
598 2610 736 2696 Reliqua
768 2615 844 2676 sunt
871 2613 1020 2695 excerpta
1046 2609 1228 2695 Procliena3
1256 2609 1294 2680 cf.

122 2739 221 2801 supra
237 2739 268 2801 p.
281 2717 331 2782 76.
369 2715 431 2782 Sed
449 2717 528 2783 haec
547 2717 712 2783 hactenus.
749 2717 959 2783 Accuratiore
972 2718 1071 2801 debit,
1085 2717 1137 2782 661
1149 2716 1295 2781 Reitzen-

122 2823 232 2889 steinii
260 2823 524 2910 Etymologicum
551 2829 680 2909 praesto
705 2824 766 2889 erit
795 2826 859 2889 iem
886 2824 1016 2889 editum.
1069 2822 1229 2908 Equidem
1256 2845 1295 2887 ex

122 2930 181 3016 616,
203 2952 283 3015 6666
301 2953 426 2996 mecum
444 2931 494 2997 vir
513 2933 626 2997 doctus
646 2932 903 3018 communicavit,
921 2930 1109 2995 crediderim
1125 2929 1294 2994 Procliana

120 3037 288 3124 nonnulla,
312 3059 371 3103 nec
389 3042 499 3103 tamen
516 3040 627 3123 multa,
650 3038 713 3102 hoc
735 3038 949 3103 instrumento
974 3037 1030 3122 qui
1052 3037 1143 3102 usuri
1166 3037 1232 3100 sint
1255 3036 1295 3101 66

121 3142 273 3209 Veterem
292 3146 466 3211 transferre
484 3168 587 3231 posse.

697 3343 726 3408 8.

211 3466 455 3553 Perlegentibus
482 3468 578 3533 nohis
606 3467 728 3532 scholia
748 3466 856 3533 Procli
883 3467 1023 3551 primum
1045 3468 1111 3531 fere
1134 3466 1296 3531 ridebitur

121 3573 220 3638 huius
243 3595 310 3638 esse
333 3575 509 3660 proprium,
532 3575 670 3660 666616
672 3578 743 3639 tum
761 3595 890 3638 carmen
907 3574 1005 3638 refert
1024 3574 1064 3637 ad
1082 3573 1293 3639 emendandos

121 3702 237 3745 mores.
284 3678 437 3746 Conferas
460 3681 535 3766 p..3
559 3679 617 3768 54,
631 3681 683 3746 20.
711 3679 771 3768 55,
786 3681 837 3745 32.
868 3681 941 3760 106,
957 3680 1008 3744 18.
1034 3679 1106 3763 107,
1123 3680 1150 3743 1.
1176 3680 1250 3765 121,
1265 3680 1294 3743 1.

124 3786 199 3873 125,
214 3788 264 3852 17.
290 3787 522 3874 144,26.146,
538 3788 589 3852 20.
608 3733 687 3871 154,
702 3786 848 3870 20163,
863 3786 914 3850 20.
938 3784 1055 3868 167,.4
1078 3784 1153 3850 206.
1176 3785 1294 3872 210,.9

122 3893 264 3980 233,10.
288 3893 428 3981 260,15.
453 3891 735 3980 290,1.01,3365.
755 3890 891 3978 385,1.8
915 3890 989 3977 391,
1003 3891 1060 3956 20.
1078 3891 1195 3976 393,.8
1221 3839 1295 3979 395,
1426 3903 1428 3906 ’

123 4001 250 4066 281616.
287 3998 401 4086 Neque
422 4001 485 4066 hoc
507 4002 625 4066 mirum
649 4000 730 4065 661
721 4022 756 4064 m
779 4001 846 4063 sect
847 4001 880 4062 at
882 4020 936 4063 ore
959 3943 1098 4084 iliorum,
1121 3999 1177 4084 qui
1199 3999 1234 4063 in
1257 4021 1294 4063 eo

120 4108 263 4193 positam
296 4129 364 4174 esse
391 4108 457 4174 vim
484 4111 597 4192 poetae
624 4106 799 4192 voluerint,
827 4105 913 4190 quod
944 4105 1090 4170 versibus
1123 4107 1190 4171 suis
1218 4104 1295 4171 ἀπο-

121 4213 234 4302 τρέπει
261 4214 325 4281 ἀπὸ
353 4224 412 4299 τῆς
437 4219 552 4292 κακίας
580 4211 635 4280 καὶ
662 4212 839 4299 προτρέπει
863 4214 911 4289 εἰς
936 4212 998 4296 τὴν
1024 4211 1153 4297 ἀρετήν.
1208 4211 1295 4287 Quae

120 4322 222 4388 verba
240 4322 425 4407 saepissime
448 4321 483 4386 in
500 4320 606 4387 Procli
624 4319 852 4385 commentario
872 4322 1052 4383 occurrunt.
1090 4317 1176 4383 Satis
1195 4341 1295 4403 prope

120 4429 216 4496 abest
242 4428 366 4514 reliqua
393 4427 476 4493 ratio
506 4426 712 4512 philosopha,
736 4448 799 4511 qua
826 4425 955 4510 quidem
982 4425 1086 4490 utitur
1109 4425 1294 4509 saepissime
