<?xml version="1.0" encoding="UTF-8"?>
<!DOCTYPE html PUBLIC "-//W3C//DTD XHTML 1.0 Transitional//EN"
    "http://www.w3.org/TR/xhtml1/DTD/xhtml1-transitional.dtd">
<html xmlns="http://www.w3.org/1999/xhtml" xml:lang="en" lang="en">
 <head>
  <title>
</title>
<meta http-equiv="Content-Type" content="text/html;charset=utf-8" />
  <meta name='ocr-system' content='tesseract 3.04.00' />
  <meta name='ocr-capabilities' content='ocr_page ocr_carea ocr_par ocr_line ocrx_word'/>
</head>
<body>
  <div class='ocr_page' id='page_1' title='image "./studiahesiodeas00dimigoog_0158.png"; bbox 0 0 2970 4980; ppageno 0'>
   <div class='ocr_carea' id='block_1_1' title="bbox 372 286 1304 358">
    <p class='ocr_par' dir='ltr' id='par_1_1' title="bbox 372 286 1304 358">
     <span class='ocr_line' id='line_1_1' title="bbox 372 286 1304 358; baseline 0.011 -17"><span class='ocrx_word' id='word_1_1' title='bbox 372 286 504 358; x_wconf 91' lang='lat' dir='ltr'><strong>Didymei</strong></span> <span class='ocrx_word' id='word_1_2' title='bbox 523 287 560 341; x_wconf 90' lang='lat' dir='ltr'><strong>ad</strong></span> <span class='ocrx_word' id='word_1_3' title='bbox 579 287 672 357; x_wconf 83' lang='lat' dir='ltr'>Opera</span> <span class='ocrx_word' id='word_1_4' title='bbox 690 287 884 343; x_wconf 90' lang='lat' dir='ltr'><strong>commentarii</strong></span> <span class='ocrx_word' id='word_1_5' title='bbox 902 287 1068 358; x_wconf 79' lang='lat' dir='ltr'><strong>fragmenta.</strong></span> <span class='ocrx_word' id='word_1_6' title='bbox 1242 287 1304 352; x_wconf 79' lang='lat'><strong>147</strong></span> 
     </span>
    </p>
   </div>
   <div class='ocr_carea' id='block_1_2' title="bbox 134 451 1307 751">
    <p class='ocr_par' dir='ltr' id='par_1_2' title="bbox 134 451 1307 751">
     <span class='ocr_line' id='line_1_2' title="bbox 134 451 1307 536; baseline 0.002 -22"><span class='ocrx_word' id='word_1_7' title='bbox 134 453 330 536; x_wconf 73' lang='lat' dir='ltr'><strong>tractantur,</strong></span> <span class='ocrx_word' id='word_1_8' title='bbox 357 455 548 536; x_wconf 80' lang='lat' dir='ltr'><strong>argumento</strong></span> <span class='ocrx_word' id='word_1_9' title='bbox 576 454 624 514; x_wconf 89' lang='lat' dir='ltr'><strong>est</strong></span> <span class='ocrx_word' id='word_1_10' title='bbox 651 451 691 514; x_wconf 88' lang='lat' dir='ltr'><strong>ab</strong></span> <span class='ocrx_word' id='word_1_11' title='bbox 720 473 757 515; x_wconf 97' lang='lat' dir='ltr'><strong>eo</strong></span> <span class='ocrx_word' id='word_1_12' title='bbox 786 473 913 535; x_wconf 89' lang='lat' dir='ltr'><strong>quoque</strong></span> <span class='ocrx_word' id='word_1_13' title='bbox 941 452 1002 516; x_wconf 90' lang='lat' dir='ltr'><strong>etsi</strong></span> <span class='ocrx_word' id='word_1_14' title='bbox 1028 473 1128 536; x_wconf 89' lang='lat' dir='ltr'><strong>pauca</strong></span> <span class='ocrx_word' id='word_1_15' title='bbox 1152 452 1307 536; x_wconf 81' lang='lat' dir='ltr'><strong>quaedam</strong></span> 
     </span>
     <span class='ocr_line' id='line_1_3' title="bbox 134 557 734 623; baseline -0.003 -1"><span class='ocrx_word' id='word_1_16' title='bbox 134 558 219 623; x_wconf 89' lang='lat' dir='ltr'><strong>lecta</strong></span> <span class='ocrx_word' id='word_1_17' title='bbox 241 580 310 623; x_wconf 90' lang='lat' dir='ltr'><strong>esse</strong></span> <span class='ocrx_word' id='word_1_18' title='bbox 332 557 367 622; x_wconf 94' lang='lat' dir='ltr'><strong>in</strong></span> <span class='ocrx_word' id='word_1_19' title='bbox 390 557 521 622; x_wconf 84' lang='lat' dir='ltr'>scholiis</span> <span class='ocrx_word' id='word_1_20' title='bbox 544 557 734 621; x_wconf 83' lang='lat' dir='ltr'><strong>veterrimis.</strong></span> 
     </span>
     <span class='ocr_line' id='line_1_4' title="bbox 226 661 1306 751; baseline 0.004 -23"><span class='ocrx_word' id='word_1_21' title='bbox 226 661 391 728; x_wconf 84' lang='lat' dir='ltr'><strong>Scholium</strong></span> <span class='ocrx_word' id='word_1_22' title='bbox 418 662 634 729; x_wconf 81' lang='lat' dir='ltr'><strong>Choerobosci</strong></span> <span class='ocrx_word' id='word_1_23' title='bbox 664 664 705 728; x_wconf 90' lang='lat' dir='ltr'><strong>ad</strong></span> <span class='ocrx_word' id='word_1_24' title='bbox 726 686 755 728; x_wconf 85' lang='lat' dir='ltr'><strong>v.</strong></span> <span class='ocrx_word' id='word_1_25' title='bbox 774 663 818 728; x_wconf 77' lang='lat'><strong>52</strong></span> <span class='ocrx_word' id='word_1_26' title='bbox 840 687 870 748; x_wconf 93' lang='lat' dir='ltr'><strong>p.</strong></span> <span class='ocrx_word' id='word_1_27' title='bbox 892 664 943 751; x_wconf 80' lang='lat'><strong>78,</strong></span> <span class='ocrx_word' id='word_1_28' title='bbox 961 665 1004 729; x_wconf 80' lang='lat'><strong>23</strong></span> <span class='ocrx_word' id='word_1_29' title='bbox 1031 669 1138 730; x_wconf 89' lang='lat' dir='ltr'><strong>toturn</strong></span> <span class='ocrx_word' id='word_1_30' title='bbox 1164 667 1306 732; x_wconf 91' lang='lat' dir='ltr'><strong>tribuam</strong></span> 
     </span>
    </p>
   </div>
   <div class='ocr_carea' id='block_1_3' title="bbox 12 769 1308 857">
    <p class='ocr_par' dir='ltr' id='par_1_3' title="bbox 12 769 1308 857">
     <span class='ocr_line' id='line_1_5' title="bbox 12 769 1308 857; baseline 0.003 -23"><span class='ocrx_word' id='word_1_31' title='bbox 12 850 16 855; x_wconf 27' lang='grc' dir='ltr'>Ι</span> <span class='ocrx_word' id='word_1_32' title='bbox 135 770 275 855; x_wconf 91' lang='lat' dir='ltr'><strong>Didymo</strong></span> <span class='ocrx_word' id='word_1_33' title='bbox 303 774 436 857; x_wconf 86' lang='lat' dir='ltr'><strong>propter</strong></span> <span class='ocrx_word' id='word_1_34' title='bbox 463 770 628 835; x_wconf 78' lang='lat' dir='ltr'><strong>insolitam</strong></span> <span class='ocrx_word' id='word_1_35' title='bbox 651 769 794 835; x_wconf 85' lang='lat' dir='ltr'><strong>fabulam</strong></span> <span class='ocrx_word' id='word_1_36' title='bbox 817 770 1002 835; x_wconf 83' lang='lat' dir='ltr'><strong>exhibitam.</strong></span> <span class='ocrx_word' id='word_1_37' title='bbox 1027 811 1070 820; x_wconf 92' lang='lat'>-</span> <span class='ocrx_word' id='word_1_38' title='bbox 1092 772 1224 857; x_wconf 78' lang='lat' dir='ltr'><strong>Excipit</strong></span> <span class='ocrx_word' id='word_1_39' title='bbox 1246 774 1308 840; x_wconf 91' lang='lat' dir='ltr'><strong>hoc</strong></span> 
     </span>
    </p>
   </div>
   <div class='ocr_carea' id='block_1_4' title="bbox 50 875 1312 2351">
    <p class='ocr_par' dir='ltr' id='par_1_4' title="bbox 135 875 1311 2022">
     <span class='ocr_line' id='line_1_6' title="bbox 135 875 1309 968; baseline 0.003 -26"><span class='ocrx_word' id='word_1_40' title='bbox 135 900 290 964; x_wconf 82' lang='lat' dir='ltr'><strong>magnum</strong></span> <span class='ocrx_word' id='word_1_41' title='bbox 307 875 525 942; x_wconf 83' lang='lat' dir='ltr'><strong>Choerobosci</strong></span> <span class='ocrx_word' id='word_1_42' title='bbox 545 877 704 943; x_wconf 90' lang='lat' dir='ltr'><strong>scholium</strong></span> <span class='ocrx_word' id='word_1_43' title='bbox 722 878 760 942; x_wconf 93' lang='lat' dir='ltr'><strong>de</strong></span> <span class='ocrx_word' id='word_1_44' title='bbox 781 878 937 942; x_wconf 91' lang='lat' dir='ltr'><strong>vocabulo</strong></span> <span class='ocrx_word' id='word_1_45' title='bbox 953 876 1188 964; x_wconf 71' lang='grc' dir='ltr'><em>Ἀργειφόντης</em></span> <span class='ocrx_word' id='word_1_46' title='bbox 1206 904 1235 965; x_wconf 91' lang='lat' dir='ltr'><strong>p.</strong></span> <span class='ocrx_word' id='word_1_47' title='bbox 1256 882 1309 968; x_wconf 87' lang='lat'><strong>99,</strong></span> 
     </span>
     <span class='ocr_line' id='line_1_7' title="bbox 135 984 1309 1073; baseline 0.003 -24"><span class='ocrx_word' id='word_1_48' title='bbox 135 989 202 1050; x_wconf 89' lang='lat' dir='ltr'><strong>not.</strong></span> <span class='ocrx_word' id='word_1_49' title='bbox 208 1039 217 1073; x_wconf 92' lang='lat'><strong>,</strong></span> <span class='ocrx_word' id='word_1_50' title='bbox 243 986 278 1049; x_wconf 90' lang='lat' dir='ltr'><strong>in</strong></span> <span class='ocrx_word' id='word_1_51' title='bbox 304 984 554 1071; x_wconf 79' lang='lat' dir='ltr'><strong>Etymologiois,</strong></span> <span class='ocrx_word' id='word_1_52' title='bbox 577 985 662 1069; x_wconf 90' lang='lat' dir='ltr'><strong>apud</strong></span> <span class='ocrx_word' id='word_1_53' title='bbox 684 984 909 1072; x_wconf 80' lang='lat' dir='ltr'><strong>Eustathium,</strong></span> <span class='ocrx_word' id='word_1_54' title='bbox 931 986 1021 1050; x_wconf 90' lang='lat' dir='ltr'><strong>ouius</strong></span> <span class='ocrx_word' id='word_1_55' title='bbox 1044 988 1213 1052; x_wconf 86' lang='lat' dir='ltr'><strong>maximam</strong></span> <span class='ocrx_word' id='word_1_56' title='bbox 1239 1011 1309 1073; x_wconf 92' lang='lat' dir='ltr'><strong>par·</strong></span> 
     </span>
     <span class='ocr_line' id='line_1_8' title="bbox 135 1091 1309 1179; baseline 0.002 -23"><span class='ocrx_word' id='word_1_57' title='bbox 135 1096 202 1156; x_wconf 86' lang='lat' dir='ltr'><strong>tem</strong></span> <span class='ocrx_word' id='word_1_58' title='bbox 230 1092 281 1157; x_wconf 87' lang='lat' dir='ltr'><strong>vel</strong></span> <span class='ocrx_word' id='word_1_59' title='bbox 307 1092 457 1156; x_wconf 88' lang='lat' dir='ltr'><strong>universa</strong></span> <span class='ocrx_word' id='word_1_60' title='bbox 484 1091 594 1156; x_wconf 82' lang='lat' dir='ltr'><strong>hausit</strong></span> <span class='ocrx_word' id='word_1_61' title='bbox 622 1115 661 1156; x_wconf 91' lang='lat' dir='ltr'><strong>ex</strong></span> <span class='ocrx_word' id='word_1_62' title='bbox 689 1092 820 1156; x_wconf 80' lang='lat' dir='ltr'><strong>scholiis</strong></span> <span class='ocrx_word' id='word_1_63' title='bbox 848 1093 1035 1157; x_wconf 89' lang='lat' dir='ltr'><strong>veterrimis.</strong></span> <span class='ocrx_word' id='word_1_64' title='bbox 1082 1093 1174 1159; x_wconf 92' lang='lat' dir='ltr'><strong>Hanc</strong></span> <span class='ocrx_word' id='word_1_65' title='bbox 1205 1095 1309 1179; x_wconf 86' lang='lat' dir='ltr'><strong>ipsam</strong></span> 
     </span>
     <span class='ocr_line' id='line_1_9' title="bbox 137 1197 1310 1285; baseline 0.002 -22"><span class='ocrx_word' id='word_1_66' title='bbox 137 1199 179 1263; x_wconf 93' lang='lat' dir='ltr'><strong>ob</strong></span> <span class='ocrx_word' id='word_1_67' title='bbox 208 1221 336 1263; x_wconf 91' lang='lat' dir='ltr'><strong>causam</strong></span> <span class='ocrx_word' id='word_1_68' title='bbox 359 1199 462 1263; x_wconf 89' lang='lat' dir='ltr'><strong>multa</strong></span> <span class='ocrx_word' id='word_1_69' title='bbox 485 1220 523 1263; x_wconf 87' lang='lat' dir='ltr'><strong>ex</strong></span> <span class='ocrx_word' id='word_1_70' title='bbox 548 1198 671 1263; x_wconf 89' lang='lat' dir='ltr'><strong>scholio</strong></span> <span class='ocrx_word' id='word_1_71' title='bbox 696 1203 772 1263; x_wconf 89' lang='lat' dir='ltr'><strong>sunt</strong></span> <span class='ocrx_word' id='word_1_72' title='bbox 795 1199 836 1262; x_wconf 89' lang='lat' dir='ltr'><strong>ad</strong></span> <span class='ocrx_word' id='word_1_73' title='bbox 857 1197 1034 1283; x_wconf 89' lang='lat' dir='ltr'><strong>Didymum</strong></span> <span class='ocrx_word' id='word_1_74' title='bbox 1055 1200 1230 1285; x_wconf 86' lang='lat' dir='ltr'><strong>referenda,</strong></span> <span class='ocrx_word' id='word_1_75' title='bbox 1253 1202 1310 1285; x_wconf 86' lang='lat' dir='ltr'><strong>qui</strong></span> 
     </span>
     <span class='ocr_line' id='line_1_10' title="bbox 136 1304 1308 1392; baseline 0.002 -23"><span class='ocrx_word' id='word_1_76' title='bbox 136 1305 269 1390; x_wconf 89' lang='lat' dir='ltr'><strong>insuper</strong></span> <span class='ocrx_word' id='word_1_77' title='bbox 291 1305 483 1370; x_wconf 88' lang='lat' dir='ltr'><strong>nominatim</strong></span> <span class='ocrx_word' id='word_1_78' title='bbox 505 1304 662 1370; x_wconf 89' lang='lat' dir='ltr'><strong>laudatur.</strong></span> <span class='ocrx_word' id='word_1_79' title='bbox 710 1305 785 1371; x_wconf 85' lang='lat' dir='ltr'><strong>Sine</strong></span> <span class='ocrx_word' id='word_1_80' title='bbox 807 1305 906 1369; x_wconf 92' lang='lat' dir='ltr'><strong>dubio</strong></span> <span class='ocrx_word' id='word_1_81' title='bbox 930 1305 998 1370; x_wconf 92' lang='lat' dir='ltr'><strong>eius</strong></span> <span class='ocrx_word' id='word_1_82' title='bbox 1022 1310 1111 1392; x_wconf 91' lang='lat' dir='ltr'><strong>sunt,</strong></span> <span class='ocrx_word' id='word_1_83' title='bbox 1133 1307 1168 1370; x_wconf 96' lang='lat' dir='ltr'><strong>in</strong></span> <span class='ocrx_word' id='word_1_84' title='bbox 1191 1307 1308 1391; x_wconf 88' lang='lat' dir='ltr'><strong>quibus</strong></span> 
     </span>
     <span class='ocr_line' id='line_1_11' title="bbox 137 1412 1309 1497; baseline 0.001 -21"><span class='ocrx_word' id='word_1_85' title='bbox 137 1413 358 1496; x_wconf 87' lang='lat' dir='ltr'><strong>antiquiorum</strong></span> <span class='ocrx_word' id='word_1_86' title='bbox 386 1412 669 1497; x_wconf 83' lang='lat' dir='ltr'><strong>grammaticorum</strong></span> <span class='ocrx_word' id='word_1_87' title='bbox 696 1412 869 1477; x_wconf 89' lang='lat' dir='ltr'><strong>traduntur</strong></span> <span class='ocrx_word' id='word_1_88' title='bbox 897 1413 1087 1496; x_wconf 90' lang='lat' dir='ltr'><strong>sententiae,</strong></span> <span class='ocrx_word' id='word_1_89' title='bbox 1119 1417 1155 1476; x_wconf 91' lang='lat' dir='ltr'><strong>ut</strong></span> <span class='ocrx_word' id='word_1_90' title='bbox 1188 1412 1244 1477; x_wconf 90' lang='lat' dir='ltr'><strong>illa</strong></span> <span class='ocrx_word' id='word_1_91' title='bbox 1271 1414 1309 1477; x_wconf 92' lang='lat' dir='ltr'><strong>de</strong></span> 
     </span>
     <span class='ocr_line' id='line_1_12' title="bbox 135 1517 1309 1605; baseline 0.002 -23"><span class='ocrx_word' id='word_1_92' title='bbox 135 1517 341 1603; x_wconf 84' lang='lat' dir='ltr'><strong>Aristarch03</strong></span> <span class='ocrx_word' id='word_1_93' title='bbox 374 1540 485 1583; x_wconf 87' lang='lat' dir='ltr'><strong>verum</strong></span> <span class='ocrx_word' id='word_1_94' title='bbox 516 1519 572 1583; x_wconf 93' lang='lat' dir='ltr'><strong>ubi</strong></span> <span class='ocrx_word' id='word_1_95' title='bbox 605 1519 785 1584; x_wconf 90' lang='lat' dir='ltr'><strong>invenimus</strong></span> <span class='ocrx_word' id='word_1_96' title='bbox 821 1519 996 1584; x_wconf 88' lang='lat' dir='ltr'><strong>sententias</strong></span> <span class='ocrx_word' id='word_1_97' title='bbox 1026 1520 1309 1605; x_wconf 83' lang='lat' dir='ltr'><strong>grammaticorum</strong></span> 
     </span>
     <span class='ocr_line' id='line_1_13' title="bbox 136 1623 1310 1714; baseline 0.003 -26"><span class='ocrx_word' id='word_1_98' title='bbox 136 1623 277 1709; x_wconf 90' lang='lat' dir='ltr'><strong>Didymo</strong></span> <span class='ocrx_word' id='word_1_99' title='bbox 299 1629 379 1689; x_wconf 87' lang='lat' dir='ltr'><strong>natu</strong></span> <span class='ocrx_word' id='word_1_100' title='bbox 402 1626 573 1710; x_wconf 91' lang='lat' dir='ltr'><strong>minorum,</strong></span> <span class='ocrx_word' id='word_1_101' title='bbox 591 1624 729 1692; x_wconf 86' lang='lat' dir='ltr'><strong>Archiae</strong></span> <span class='ocrx_word' id='word_1_102' title='bbox 742 1626 910 1692; x_wconf 82' lang='lat' dir='ltr'><strong>Alexionis</strong></span> <span class='ocrx_word' id='word_1_103' title='bbox 929 1626 1122 1714; x_wconf 81' lang='lat' dir='ltr'><strong>Tryphonis,</strong></span> <span class='ocrx_word' id='word_1_104' title='bbox 1141 1649 1193 1692; x_wconf 89' lang='lat' dir='ltr'><strong>eas</strong></span> <span class='ocrx_word' id='word_1_105' title='bbox 1211 1627 1310 1692; x_wconf 90' lang='lat' dir='ltr'><strong>mani-</strong></span> 
     </span>
     <span class='ocr_line' id='line_1_14' title="bbox 136 1732 1309 1819; baseline 0.003 -24"><span class='ocrx_word' id='word_1_106' title='bbox 136 1732 221 1797; x_wconf 90' lang='lat' dir='ltr'><strong>festo</strong></span> <span class='ocrx_word' id='word_1_107' title='bbox 254 1732 376 1796; x_wconf 91' lang='lat' dir='ltr'><strong>addidit</strong></span> <span class='ocrx_word' id='word_1_108' title='bbox 383 1784 392 1818; x_wconf 93' lang='lat'><strong>,</strong></span> <span class='ocrx_word' id='word_1_109' title='bbox 425 1732 481 1817; x_wconf 86' lang='lat' dir='ltr'><strong>qui</strong></span> <span class='ocrx_word' id='word_1_110' title='bbox 512 1737 626 1817; x_wconf 89' lang='lat' dir='ltr'><strong>postea</strong></span> <span class='ocrx_word' id='word_1_111' title='bbox 658 1733 903 1798; x_wconf 86' lang='lat' dir='ltr'><strong>commentarios</strong></span> <span class='ocrx_word' id='word_1_112' title='bbox 936 1732 1110 1817; x_wconf 87' lang='lat' dir='ltr'><strong>Didymeos</strong></span> <span class='ocrx_word' id='word_1_113' title='bbox 1143 1733 1309 1819; x_wconf 82' lang='lat' dir='ltr'><strong>excerpsit.</strong></span> 
     </span>
     <span class='ocr_line' id='line_1_15' title="bbox 137 1837 1311 1925; baseline 0.002 -22"><span class='ocrx_word' id='word_1_114' title='bbox 137 1837 218 1903; x_wconf 89' lang='lat' dir='ltr'><strong>Inde</strong></span> <span class='ocrx_word' id='word_1_115' title='bbox 235 1839 357 1903; x_wconf 89' lang='lat' dir='ltr'><strong>factum</strong></span> <span class='ocrx_word' id='word_1_116' title='bbox 376 1842 434 1923; x_wconf 91' lang='lat' dir='ltr'><strong>est,</strong></span> <span class='ocrx_word' id='word_1_117' title='bbox 453 1843 490 1903; x_wconf 93' lang='lat' dir='ltr'><strong>ut</strong></span> <span class='ocrx_word' id='word_1_118' title='bbox 508 1861 619 1904; x_wconf 88' lang='lat' dir='ltr'><strong>eorum</strong></span> <span class='ocrx_word' id='word_1_119' title='bbox 635 1841 766 1904; x_wconf 90' lang='lat' dir='ltr'><strong>nomina</strong></span> <span class='ocrx_word' id='word_1_120' title='bbox 780 1841 813 1904; x_wconf 92' lang='lat' dir='ltr'><strong>in</strong></span> <span class='ocrx_word' id='word_1_121' title='bbox 829 1841 937 1905; x_wconf 90' lang='lat' dir='ltr'><strong>eadem</strong></span> <span class='ocrx_word' id='word_1_122' title='bbox 953 1840 1111 1904; x_wconf 89' lang='lat' dir='ltr'><strong>sententia</strong></span> <span class='ocrx_word' id='word_1_123' title='bbox 1126 1840 1311 1925; x_wconf 89' lang='lat' dir='ltr'><strong>explicanda</strong></span> 
     </span>
     <span class='ocr_line' id='line_1_16' title="bbox 137 1944 1311 2022; baseline 0.001 -13"><span class='ocrx_word' id='word_1_124' title='bbox 137 1945 191 2010; x_wconf 83' lang='lat' dir='ltr'><strong>vel</strong></span> <span class='ocrx_word' id='word_1_125' title='bbox 224 1950 297 2010; x_wconf 88' lang='lat' dir='ltr'><strong>ante</strong></span> <span class='ocrx_word' id='word_1_126' title='bbox 331 1944 555 2011; x_wconf 79' lang='lat' dir='ltr'><strong>Aristarchum</strong></span> <span class='ocrx_word' id='word_1_127' title='bbox 592 1946 805 2011; x_wconf 89' lang='lat' dir='ltr'><strong>laudarentur.</strong></span> <span class='ocrx_word' id='word_1_128' title='bbox 875 1945 1018 2022; x_wconf 81' lang='lat' dir='ltr'><strong>Quorum</strong></span> <span class='ocrx_word' id='word_1_129' title='bbox 1054 1969 1147 2011; x_wconf 90' lang='lat' dir='ltr'><strong>nemo</strong></span> <span class='ocrx_word' id='word_1_130' title='bbox 1184 1947 1311 2011; x_wconf 87' lang='lat' dir='ltr'><strong>videtur</strong></span> 
     </span>
    </p>

    <p class='ocr_par' dir='ltr' id='par_1_5' title="bbox 50 2052 1312 2351">
     <span class='ocr_line' id='line_1_17' title="bbox 137 2052 1311 2137; baseline 0 -20"><span class='ocrx_word' id='word_1_131' title='bbox 137 2053 174 2117; x_wconf 93' lang='lat' dir='ltr'><strong>in</strong></span> <span class='ocrx_word' id='word_1_132' title='bbox 200 2052 379 2118; x_wconf 88' lang='lat' dir='ltr'><strong>Hesiodum</strong></span> <span class='ocrx_word' id='word_1_133' title='bbox 406 2054 654 2118; x_wconf 89' lang='lat' dir='ltr'><strong>commentarios</strong></span> <span class='ocrx_word' id='word_1_134' title='bbox 682 2054 849 2137; x_wconf 87' lang='lat' dir='ltr'><strong>scripsisse</strong></span> <span class='ocrx_word' id='word_1_135' title='bbox 876 2053 928 2118; x_wconf 84' lang='lat' dir='ltr'><strong>vel</strong></span> <span class='ocrx_word' id='word_1_136' title='bbox 955 2053 1172 2118; x_wconf 80' lang='lat' dir='ltr'><strong>recensionem</strong></span> <span class='ocrx_word' id='word_1_137' title='bbox 1201 2052 1311 2119; x_wconf 90' lang='lat' dir='ltr'><strong>carmi-</strong></span> 
     </span>
     <span class='ocr_line' id='line_1_18' title="bbox 50 2147 1312 2248; baseline 0.001 -24"><span class='ocrx_word' id='word_1_138' title='bbox 50 2147 53 2150; x_wconf 47' lang='grc'><strong>’</strong></span> <span class='ocrx_word' id='word_1_139' title='bbox 136 2181 216 2224; x_wconf 93' lang='lat' dir='ltr'><strong>num</strong></span> <span class='ocrx_word' id='word_1_140' title='bbox 239 2160 435 2248; x_wconf 82' lang='lat' dir='ltr'><strong>instituisse,</strong></span> <span class='ocrx_word' id='word_1_141' title='bbox 462 2182 534 2224; x_wconf 92' lang='lat' dir='ltr'><strong>cum</strong></span> <span class='ocrx_word' id='word_1_142' title='bbox 558 2160 596 2224; x_wconf 91' lang='lat' dir='ltr'><strong>de</strong></span> <span class='ocrx_word' id='word_1_143' title='bbox 619 2161 715 2225; x_wconf 88' lang='lat' dir='ltr'><strong>rebus</strong></span> <span class='ocrx_word' id='word_1_144' title='bbox 737 2160 872 2225; x_wconf 91' lang='lat' dir='ltr'><strong>Hesiodi</strong></span> <span class='ocrx_word' id='word_1_145' title='bbox 895 2183 991 2245; x_wconf 87' lang='lat' dir='ltr'><strong>quam</strong></span> <span class='ocrx_word' id='word_1_146' title='bbox 1013 2161 1152 2226; x_wconf 90' lang='lat' dir='ltr'><strong>maxime</strong></span> <span class='ocrx_word' id='word_1_147' title='bbox 1172 2162 1312 2246; x_wconf 91' lang='lat' dir='ltr'><strong>propriis</strong></span> 
     </span>
     <span class='ocr_line' id='line_1_19' title="bbox 139 2265 1312 2351; baseline 0 -20"><span class='ocrx_word' id='word_1_148' title='bbox 139 2267 226 2351; x_wconf 94' lang='lat' dir='ltr'><strong>quod</strong></span> <span class='ocrx_word' id='word_1_149' title='bbox 259 2267 386 2351; x_wconf 91' lang='lat' dir='ltr'><strong>quidem</strong></span> <span class='ocrx_word' id='word_1_150' title='bbox 413 2267 577 2332; x_wconf 87' lang='lat' dir='ltr'><strong>videamus</strong></span> <span class='ocrx_word' id='word_1_151' title='bbox 606 2289 644 2332; x_wconf 90' lang='lat' dir='ltr'><strong>ex</strong></span> <span class='ocrx_word' id='word_1_152' title='bbox 673 2265 795 2331; x_wconf 91' lang='lat' dir='ltr'><strong>scholio</strong></span> <span class='ocrx_word' id='word_1_153' title='bbox 823 2267 875 2332; x_wconf 87' lang='lat' dir='ltr'><strong>vel</strong></span> <span class='ocrx_word' id='word_1_154' title='bbox 902 2266 940 2331; x_wconf 92' lang='lat' dir='ltr'><strong>de</strong></span> <span class='ocrx_word' id='word_1_155' title='bbox 969 2267 1066 2331; x_wconf 90' lang='lat' dir='ltr'><strong>rebus</strong></span> <span class='ocrx_word' id='word_1_156' title='bbox 1094 2267 1214 2332; x_wconf 89' lang='lat' dir='ltr'><strong>criticis</strong></span> <span class='ocrx_word' id='word_1_157' title='bbox 1245 2289 1312 2332; x_wconf 90' lang='lat' dir='ltr'><strong>non</strong></span> 
     </span>
    </p>
   </div>
   <div class='ocr_carea' id='block_1_5' title="bbox 139 2373 1404 2459">
    <p class='ocr_par' dir='ltr' id='par_1_6' title="bbox 139 2373 1404 2459">
     <span class='ocr_line' id='line_1_20' title="bbox 139 2373 1404 2459; baseline 0.001 -23"><span class='ocrx_word' id='word_1_158' title='bbox 139 2373 278 2458; x_wconf 83' lang='lat' dir='ltr'><strong>egerint,</strong></span> <span class='ocrx_word' id='word_1_159' title='bbox 306 2377 418 2438; x_wconf 88' lang='lat' dir='ltr'><strong>contra</strong></span> <span class='ocrx_word' id='word_1_160' title='bbox 447 2395 484 2437; x_wconf 88' lang='lat' dir='ltr'><strong>ea</strong></span> <span class='ocrx_word' id='word_1_161' title='bbox 509 2374 634 2438; x_wconf 88' lang='lat' dir='ltr'><strong>ratione</strong></span> <span class='ocrx_word' id='word_1_162' title='bbox 657 2373 841 2459; x_wconf 91' lang='lat' dir='ltr'><strong>laudentur,</strong></span> <span class='ocrx_word' id='word_1_163' title='bbox 864 2377 900 2437; x_wconf 90' lang='lat' dir='ltr'><strong>ut</strong></span> <span class='ocrx_word' id='word_1_164' title='bbox 922 2395 989 2438; x_wconf 88' lang='lat' dir='ltr'><strong>non</strong></span> <span class='ocrx_word' id='word_1_165' title='bbox 1012 2373 1120 2457; x_wconf 92' lang='lat' dir='ltr'><strong>inepte</strong></span> <span class='ocrx_word' id='word_1_166' title='bbox 1143 2374 1216 2457; x_wconf 91' lang='lat' dir='ltr'><strong>quis</strong></span> <span class='ocrx_word' id='word_1_167' title='bbox 1239 2394 1312 2437; x_wconf 91' lang='lat' dir='ltr'><strong>oon·</strong></span> <span class='ocrx_word' id='word_1_168' title='bbox 1402 2396 1404 2400; x_wconf 70' lang='grc'>’</span> 
     </span>
    </p>
   </div>
   <div class='ocr_carea' id='block_1_6' title="bbox 138 2477 1317 4398">
    <p class='ocr_par' dir='ltr' id='par_1_7' title="bbox 138 2477 1316 4168">
     <span class='ocr_line' id='line_1_21' title="bbox 138 2477 1313 2566; baseline -0.002 -22"><span class='ocrx_word' id='word_1_169' title='bbox 138 2480 250 2544; x_wconf 86' lang='lat' dir='ltr'><strong>iecerit</strong></span> <span class='ocrx_word' id='word_1_170' title='bbox 277 2480 318 2544; x_wconf 88' lang='lat' dir='ltr'><strong>ab</strong></span> <span class='ocrx_word' id='word_1_171' title='bbox 348 2481 394 2545; x_wconf 92' lang='lat' dir='ltr'><strong>eis</strong></span> <span class='ocrx_word' id='word_1_172' title='bbox 421 2480 524 2545; x_wconf 90' lang='lat' dir='ltr'><strong>lexica</strong></span> <span class='ocrx_word' id='word_1_173' title='bbox 552 2480 733 2564; x_wconf 87' lang='lat' dir='ltr'><strong>conscripta</strong></span> <span class='ocrx_word' id='word_1_174' title='bbox 761 2501 838 2544; x_wconf 88' lang='lat' dir='ltr'><strong>esse.</strong></span> <span class='ocrx_word' id='word_1_175' title='bbox 846 2477 871 2566; x_wconf 81' lang='grc'><strong>1)</strong></span> <span class='ocrx_word' id='word_1_176' title='bbox 926 2478 987 2544; x_wconf 86' lang='lat' dir='ltr'><strong>Oui</strong></span> <span class='ocrx_word' id='word_1_177' title='bbox 1018 2479 1195 2543; x_wconf 88' lang='lat' dir='ltr'><strong>sententiae</strong></span> <span class='ocrx_word' id='word_1_178' title='bbox 1217 2479 1313 2563; x_wconf 85' lang='lat' dir='ltr'><strong>favet,</strong></span> 
     </span>
     <span class='ocr_line' id='line_1_22' title="bbox 139 2585 1314 2673; baseline -0.002 -22"><span class='ocrx_word' id='word_1_179' title='bbox 139 2586 240 2673; x_wconf 91' lang='lat' dir='ltr'><strong>quod,</strong></span> <span class='ocrx_word' id='word_1_180' title='bbox 266 2587 329 2652; x_wconf 92' lang='lat' dir='ltr'><strong>nisi</strong></span> <span class='ocrx_word' id='word_1_181' title='bbox 358 2586 462 2652; x_wconf 88' lang='lat' dir='ltr'><strong>facilis</strong></span> <span class='ocrx_word' id='word_1_182' title='bbox 489 2587 529 2651; x_wconf 90' lang='lat' dir='ltr'><strong>ad</strong></span> <span class='ocrx_word' id='word_1_183' title='bbox 557 2609 611 2652; x_wconf 92' lang='lat' dir='ltr'><strong>eos</strong></span> <span class='ocrx_word' id='word_1_184' title='bbox 638 2586 797 2672; x_wconf 89' lang='lat' dir='ltr'><strong>patuisset</strong></span> <span class='ocrx_word' id='word_1_185' title='bbox 821 2585 941 2672; x_wconf 89' lang='lat' dir='ltr'><strong>aditus,</strong></span> <span class='ocrx_word' id='word_1_186' title='bbox 969 2585 1142 2651; x_wconf 90' lang='lat' dir='ltr'><strong>scholiasta</strong></span> <span class='ocrx_word' id='word_1_187' title='bbox 1169 2607 1223 2650; x_wconf 89' lang='lat' dir='ltr'><strong>eos</strong></span> <span class='ocrx_word' id='word_1_188' title='bbox 1246 2607 1314 2650; x_wconf 90' lang='lat' dir='ltr'><strong>non</strong></span> 
     </span>
     <span class='ocr_line' id='line_1_23' title="bbox 139 2691 1312 2780; baseline -0.003 -21"><span class='ocrx_word' id='word_1_189' title='bbox 139 2694 353 2780; x_wconf 82' lang='lat' dir='ltr'><strong>cognovisset.</strong></span> <span class='ocrx_word' id='word_1_190' title='bbox 407 2693 521 2760; x_wconf 90' lang='lat' dir='ltr'><strong>Nihilo</strong></span> <span class='ocrx_word' id='word_1_191' title='bbox 554 2695 660 2758; x_wconf 86' lang='lat' dir='ltr'><strong>minus</strong></span> <span class='ocrx_word' id='word_1_192' title='bbox 694 2716 748 2758; x_wconf 90' lang='lat' dir='ltr'><strong>eos</strong></span> <span class='ocrx_word' id='word_1_193' title='bbox 780 2693 905 2758; x_wconf 90' lang='lat' dir='ltr'><strong>videtur</strong></span> <span class='ocrx_word' id='word_1_194' title='bbox 937 2693 1100 2758; x_wconf 90' lang='lat' dir='ltr'><strong>rarissime</strong></span> <span class='ocrx_word' id='word_1_195' title='bbox 1134 2691 1312 2777; x_wconf 87' lang='lat' dir='ltr'><strong>inspexisse</strong></span> 
     </span>
     <span class='ocr_line' id='line_1_24' title="bbox 138 2799 1312 2886; baseline -0.003 -20"><span class='ocrx_word' id='word_1_196' title='bbox 138 2799 261 2866; x_wconf 87' lang='lat' dir='ltr'><strong>Archia</strong></span> <span class='ocrx_word' id='word_1_197' title='bbox 293 2804 325 2865; x_wconf 91' lang='lat' dir='ltr'><strong>et</strong></span> <span class='ocrx_word' id='word_1_198' title='bbox 357 2799 515 2866; x_wconf 90' lang='lat' dir='ltr'><strong>Alexione</strong></span> <span class='ocrx_word' id='word_1_199' title='bbox 547 2822 612 2865; x_wconf 90' lang='lat' dir='ltr'><strong>uno</strong></span> <span class='ocrx_word' id='word_1_200' title='bbox 648 2800 710 2865; x_wconf 92' lang='lat' dir='ltr'><strong>hoc</strong></span> <span class='ocrx_word' id='word_1_201' title='bbox 741 2800 813 2866; x_wconf 91' lang='lat' dir='ltr'><strong>loco</strong></span> <span class='ocrx_word' id='word_1_202' title='bbox 845 2800 1000 2886; x_wconf 89' lang='lat' dir='ltr'><strong>laudatis,</strong></span> <span class='ocrx_word' id='word_1_203' title='bbox 1033 2799 1205 2884; x_wconf 84' lang='lat' dir='ltr'><strong>Tryphone</strong></span> <span class='ocrx_word' id='word_1_204' title='bbox 1241 2799 1312 2882; x_wconf 88' lang='lat' dir='ltr'><strong>ipso</strong></span> 
     </span>
     <span class='ocr_line' id='line_1_25' title="bbox 140 2902 1312 2995; baseline -0.003 -23"><span class='ocrx_word' id='word_1_205' title='bbox 140 2929 269 2992; x_wconf 92' lang='lat' dir='ltr'><strong>quoque</strong></span> <span class='ocrx_word' id='word_1_206' title='bbox 291 2929 358 2972; x_wconf 91' lang='lat' dir='ltr'><strong>non</strong></span> <span class='ocrx_word' id='word_1_207' title='bbox 381 2930 484 2995; x_wconf 90' lang='lat' dir='ltr'><strong>saepe,</strong></span> <span class='ocrx_word' id='word_1_208' title='bbox 506 2907 595 2972; x_wconf 88' lang='lat' dir='ltr'><strong>velut</strong></span> <span class='ocrx_word' id='word_1_209' title='bbox 619 2907 658 2972; x_wconf 86' lang='lat' dir='ltr'><strong>ad</strong></span> <span class='ocrx_word' id='word_1_210' title='bbox 674 2931 702 2973; x_wconf 90' lang='lat' dir='ltr'><strong>v.</strong></span> <span class='ocrx_word' id='word_1_211' title='bbox 717 2907 758 2971; x_wconf 89' lang='lat'><strong>41</strong></span> <span class='ocrx_word' id='word_1_212' title='bbox 785 2907 868 2992; x_wconf 87' lang='lat' dir='ltr'><strong>apud</strong></span> <span class='ocrx_word' id='word_1_213' title='bbox 895 2905 1106 2971; x_wconf 79' lang='lat' dir='ltr'><strong>Eustathium</strong></span> <span class='ocrx_word' id='word_1_214' title='bbox 1136 2904 1176 2969; x_wconf 87' lang='lat' dir='ltr'><strong>ad</strong></span> <span class='ocrx_word' id='word_1_215' title='bbox 1198 2902 1312 2989; x_wconf 90' lang='lat' dir='ltr'><strong>Odyss.</strong></span> 
     </span>
     <span class='ocr_line' id='line_1_26' title="bbox 138 3011 1313 3101; baseline -0.004 -22"><span class='ocrx_word' id='word_1_216' title='bbox 138 3013 260 3101; x_wconf 87' lang='grc'>1433,</span> <span class='ocrx_word' id='word_1_217' title='bbox 280 3014 332 3079; x_wconf 86' lang='grc'><strong>24.</strong></span> <span class='ocrx_word' id='word_1_218' title='bbox 386 3014 518 3100; x_wconf 84' lang='lat' dir='ltr'><strong>Didymi</strong></span> <span class='ocrx_word' id='word_1_219' title='bbox 545 3037 620 3079; x_wconf 84' lang='lat' dir='ltr'><strong>vero</strong></span> <span class='ocrx_word' id='word_1_220' title='bbox 648 3016 865 3100; x_wconf 85' lang='lat' dir='ltr'><strong>fragmentum</strong></span> <span class='ocrx_word' id='word_1_221' title='bbox 894 3014 979 3078; x_wconf 90' lang='lat' dir='ltr'><strong>hunc</strong></span> <span class='ocrx_word' id='word_1_222' title='bbox 1007 3013 1040 3077; x_wconf 95' lang='lat' dir='ltr'><strong>in</strong></span> <span class='ocrx_word' id='word_1_223' title='bbox 1068 3012 1199 3077; x_wconf 91' lang='lat' dir='ltr'><strong>modum</strong></span> <span class='ocrx_word' id='word_1_224' title='bbox 1221 3011 1313 3076; x_wconf 90' lang='lat' dir='ltr'><strong>resti·</strong></span> 
     </span>
     <span class='ocr_line' id='line_1_27' title="bbox 139 3116 1313 3209; baseline -0.002 -24"><span class='ocrx_word' id='word_1_225' title='bbox 139 3125 231 3186; x_wconf 89' lang='lat' dir='ltr'><strong>tuam</strong></span> <span class='ocrx_word' id='word_1_226' title='bbox 259 3119 312 3208; x_wconf 82' lang='lat' dir='ltr'><strong>(of.</strong></span> <span class='ocrx_word' id='word_1_227' title='bbox 340 3143 438 3206; x_wconf 89' lang='lat' dir='ltr'><strong>supra</strong></span> <span class='ocrx_word' id='word_1_228' title='bbox 460 3145 489 3207; x_wconf 90' lang='lat' dir='ltr'><strong>p.</strong></span> <span class='ocrx_word' id='word_1_229' title='bbox 500 3122 544 3186; x_wconf 85' lang='lat'><strong>34</strong></span> <span class='ocrx_word' id='word_1_230' title='bbox 555 3119 652 3209; x_wconf 83' lang='lat' dir='ltr'><strong>sqq.):</strong></span> <span class='ocrx_word' id='word_1_231' title='bbox 682 3119 978 3209; x_wconf 88' lang='grc' dir='ltr'><em>Ἀργειφόντης·</em></span> <span class='ocrx_word' id='word_1_232' title='bbox 1012 3119 1168 3186; x_wconf 72' lang='grc' dir='ltr'><em>ἐπίθετον</em></span> <span class='ocrx_word' id='word_1_233' title='bbox 1192 3116 1313 3203; x_wconf 85' lang='grc' dir='ltr'><strong><em>Ἑρμοῦ</em></strong></span> 
     </span>
     <span class='ocr_line' id='line_1_28' title="bbox 141 3225 1314 3318; baseline -0.003 -26"><span class='ocrx_word' id='word_1_234' title='bbox 141 3225 265 3315; x_wconf 72' lang='lat' dir='ltr'><strong>(atym.</strong></span> <span class='ocrx_word' id='word_1_235' title='bbox 284 3227 392 3314; x_wconf 83' lang='lat' dir='ltr'><strong>Magn.</strong></span> <span class='ocrx_word' id='word_1_236' title='bbox 410 3252 440 3313; x_wconf 93' lang='lat' dir='ltr'><strong>p.</strong></span> <span class='ocrx_word' id='word_1_237' title='bbox 458 3229 531 3314; x_wconf 86' lang='lat'><strong>136,</strong></span> <span class='ocrx_word' id='word_1_238' title='bbox 545 3227 602 3315; x_wconf 83' lang='lat'><strong>48)</strong></span> <span class='ocrx_word' id='word_1_239' title='bbox 626 3226 703 3315; x_wconf 83' lang='grc' dir='ltr'><em>παρ’</em></span> <span class='ocrx_word' id='word_1_240' title='bbox 722 3226 849 3318; x_wconf 74' lang='grc' dir='ltr'><em>Ὁμήρῳ</em></span> <span class='ocrx_word' id='word_1_241' title='bbox 873 3225 928 3293; x_wconf 80' lang='grc' dir='ltr'><strong>καί</strong></span> <span class='ocrx_word' id='word_1_242' title='bbox 950 3228 1039 3313; x_wconf 78' lang='grc' dir='ltr'><em>παρὰ</em></span> <span class='ocrx_word' id='word_1_243' title='bbox 1062 3232 1208 3309; x_wconf 79' lang='grc' dir='ltr'><strong>πολλοῖς,</strong></span> <span class='ocrx_word' id='word_1_244' title='bbox 1226 3226 1314 3311; x_wconf 78' lang='grc' dir='ltr'><em>παρὰ</em></span> 
     </span>
     <span class='ocr_line' id='line_1_29' title="bbox 140 3329 1314 3421; baseline -0.003 -21"><span class='ocrx_word' id='word_1_245' title='bbox 140 3331 179 3400; x_wconf 62' lang='lat' dir='ltr'><strong>dh</strong></span> <span class='ocrx_word' id='word_1_246' title='bbox 202 3340 375 3419; x_wconf 79' lang='grc' dir='ltr'><strong><em>Σοφοκλεῖ</em></strong></span> <span class='ocrx_word' id='word_1_247' title='bbox 395 3332 450 3400; x_wconf 81' lang='grc' dir='ltr'><strong>καὶ</strong></span> <span class='ocrx_word' id='word_1_248' title='bbox 474 3333 526 3400; x_wconf 80' lang='grc' dir='ltr'><strong>ἐπὶ</strong></span> <span class='ocrx_word' id='word_1_249' title='bbox 550 3345 610 3401; x_wconf 84' lang='grc' dir='ltr'><strong>τοῦ</strong></span> <span class='ocrx_word' id='word_1_250' title='bbox 630 3330 847 3419; x_wconf 84' lang='grc' dir='ltr'><em>Ἀπόλλωνος,</em></span> <span class='ocrx_word' id='word_1_251' title='bbox 869 3332 924 3400; x_wconf 85' lang='grc' dir='ltr'><strong>καὶ</strong></span> <span class='ocrx_word' id='word_1_252' title='bbox 947 3335 1035 3420; x_wconf 81' lang='grc' dir='ltr'><em>παρὰ</em></span> <span class='ocrx_word' id='word_1_253' title='bbox 1059 3335 1240 3421; x_wconf 76' lang='grc' dir='ltr'><strong><em>Παρθενίῳ</em></strong></span> <span class='ocrx_word' id='word_1_254' title='bbox 1259 3329 1314 3396; x_wconf 86' lang='grc' dir='ltr'><strong>καὶ</strong></span> 
     </span>
     <span class='ocr_line' id='line_1_30' title="bbox 141 3439 1315 3529; baseline -0.003 -23"><span class='ocrx_word' id='word_1_255' title='bbox 141 3439 194 3508; x_wconf 77' lang='grc' dir='ltr'><strong>ἐπὶ</strong></span> <span class='ocrx_word' id='word_1_256' title='bbox 218 3451 279 3508; x_wconf 81' lang='grc' dir='ltr'><strong>τοῦ</strong></span> <span class='ocrx_word' id='word_1_257' title='bbox 302 3441 456 3526; x_wconf 85' lang='grc' dir='ltr'><em>Τηλέφου</em></span> <span class='ocrx_word' id='word_1_258' title='bbox 475 3439 519 3529; x_wconf 90' lang='lat' dir='ltr'><strong>(p.</strong></span> <span class='ocrx_word' id='word_1_259' title='bbox 539 3441 582 3506; x_wconf 86' lang='lat'><strong>99</strong></span> <span class='ocrx_word' id='word_1_260' title='bbox 596 3439 713 3529; x_wconf 82' lang='lat' dir='ltr'><strong>notu).</strong></span> <span class='ocrx_word' id='word_1_261' title='bbox 751 3441 770 3525; x_wconf 74' lang='grc' dir='ltr'>ἢ</span> <span class='ocrx_word' id='word_1_262' title='bbox 795 3443 845 3507; x_wconf 83' lang='grc' dir='ltr'><strong>ὅτι</strong></span> <span class='ocrx_word' id='word_1_263' title='bbox 869 3441 970 3527; x_wconf 84' lang='grc' dir='ltr'><em>ἀργός</em></span> <span class='ocrx_word' id='word_1_264' title='bbox 994 3440 1061 3506; x_wconf 80' lang='grc' dir='ltr'><em>ἐστι</em></span> <span class='ocrx_word' id='word_1_265' title='bbox 1080 3443 1201 3526; x_wconf 84' lang='grc' dir='ltr'><em>φόνου,</em></span> <span class='ocrx_word' id='word_1_266' title='bbox 1224 3462 1315 3504; x_wconf 88' lang='grc' dir='ltr'><em>τουτ·</em></span> 
     </span>
     <span class='ocr_line' id='line_1_31' title="bbox 141 3542 1313 3638; baseline -0.006 -23"><span class='ocrx_word' id='word_1_267' title='bbox 141 3547 211 3615; x_wconf 75' lang='grc' dir='ltr'><em>ἐστι</em></span> <span class='ocrx_word' id='word_1_268' title='bbox 239 3552 399 3636; x_wconf 77' lang='grc' dir='ltr'><em>καθαρός·</em></span> <span class='ocrx_word' id='word_1_269' title='bbox 428 3549 446 3615; x_wconf 89' lang='grc' dir='ltr'>ὁ</span> <span class='ocrx_word' id='word_1_270' title='bbox 470 3548 569 3626; x_wconf 84' lang='grc' dir='ltr'><em>αὐτὸς</em></span> <span class='ocrx_word' id='word_1_271' title='bbox 597 3548 660 3636; x_wconf 80' lang='grc' dir='ltr'><strong>γάρ</strong></span> <span class='ocrx_word' id='word_1_272' title='bbox 685 3548 820 3636; x_wconf 75' lang='grc' dir='ltr'><em>ἐστιτῷ</em></span> <span class='ocrx_word' id='word_1_273' title='bbox 845 3551 932 3638; x_wconf 76' lang='grc' dir='ltr'><em>λόγῳ</em></span> <span class='ocrx_word' id='word_1_274' title='bbox 957 3545 1080 3636; x_wconf 79' lang='lat' dir='ltr'><strong>(Etym.</strong></span> <span class='ocrx_word' id='word_1_275' title='bbox 1099 3546 1206 3631; x_wconf 81' lang='lat' dir='ltr'><strong>Magn.</strong></span> <span class='ocrx_word' id='word_1_276' title='bbox 1224 3545 1245 3610; x_wconf 90' lang='lat' dir='ltr'><strong>l.</strong></span> <span class='ocrx_word' id='word_1_277' title='bbox 1264 3542 1313 3631; x_wconf 83' lang='lat' dir='ltr'><strong>l.)·</strong></span> 
     </span>
     <span class='ocr_line' id='line_1_32' title="bbox 142 3650 1315 3742; baseline -0.005 -22"><span class='ocrx_word' id='word_1_278' title='bbox 142 3657 308 3741; x_wconf 81' lang='grc' dir='ltr'><em>εἰρηνικὸς</em></span> <span class='ocrx_word' id='word_1_279' title='bbox 337 3657 401 3742; x_wconf 79' lang='grc' dir='ltr'><strong>γὰρ</strong></span> <span class='ocrx_word' id='word_1_280' title='bbox 425 3656 443 3722; x_wconf 89' lang='grc' dir='ltr'>ὁ</span> <span class='ocrx_word' id='word_1_281' title='bbox 466 3659 556 3740; x_wconf 71' lang='grc' dir='ltr'><em>θεός,</em></span> <span class='ocrx_word' id='word_1_282' title='bbox 581 3656 660 3741; x_wconf 79' lang='grc' dir='ltr'><em>ὅπερ</em></span> <span class='ocrx_word' id='word_1_283' title='bbox 677 3653 821 3739; x_wconf 84' lang='grc' dir='ltr'><em>Ὅμηρός</em></span> <span class='ocrx_word' id='word_1_284' title='bbox 849 3673 943 3740; x_wconf 88' lang='grc' dir='ltr'><em>φησι·</em></span> <span class='ocrx_word' id='word_1_285' title='bbox 972 3650 1315 3736; x_wconf 60' lang='grc' dir='ltr'><strong>ι1ιίιτηςἼρι3οςγίμ</strong></span> 
     </span>
     <span class='ocr_line' id='line_1_33' title="bbox 141 3755 1314 3846; baseline -0.007 -18"><span class='ocrx_word' id='word_1_286' title='bbox 141 3785 259 3828; x_wconf 86' lang='grc' dir='ltr'><em>νονται</em></span> <span class='ocrx_word' id='word_1_287' title='bbox 291 3761 441 3845; x_wconf 77' lang='grc' dir='ltr'><strong>ἀγγελίαι</strong></span> <span class='ocrx_word' id='word_1_288' title='bbox 474 3760 511 3827; x_wconf 80' lang='grc' dir='ltr'><strong>ἐν</strong></span> <span class='ocrx_word' id='word_1_289' title='bbox 540 3774 611 3840; x_wconf 81' lang='grc' dir='ltr'><em>τοῖς</em></span> <span class='ocrx_word' id='word_1_290' title='bbox 642 3760 814 3846; x_wconf 83' lang='grc' dir='ltr'><em>πολέμοις</em></span> <span class='ocrx_word' id='word_1_291' title='bbox 829 3759 884 3827; x_wconf 86' lang='grc' dir='ltr'><strong>καὶ</strong></span> <span class='ocrx_word' id='word_1_292' title='bbox 912 3758 987 3845; x_wconf 80' lang='grc' dir='ltr'><em>οὐχί</em></span> <span class='ocrx_word' id='word_1_293' title='bbox 1014 3761 1070 3824; x_wconf 71' lang='grc' dir='ltr'><strong>διὰ</strong></span> <span class='ocrx_word' id='word_1_294' title='bbox 1100 3767 1160 3823; x_wconf 86' lang='grc' dir='ltr'><strong>τοῦ</strong></span> <span class='ocrx_word' id='word_1_295' title='bbox 1180 3755 1314 3842; x_wconf 54' lang='grc' dir='ltr'><em>Ἑρμοῦ</em></span> 
     </span>
     <span class='ocr_line' id='line_1_34' title="bbox 141 3863 1315 3957; baseline -0.004 -24"><span class='ocrx_word' id='word_1_296' title='bbox 141 3867 265 3957; x_wconf 83' lang='lat' dir='ltr'><strong>(Etym.</strong></span> <span class='ocrx_word' id='word_1_297' title='bbox 281 3867 361 3934; x_wconf 78' lang='lat' dir='ltr'><strong>Gud.</strong></span> <span class='ocrx_word' id='word_1_298' title='bbox 381 3892 411 3953; x_wconf 88' lang='lat' dir='ltr'><strong>p.</strong></span> <span class='ocrx_word' id='word_1_299' title='bbox 427 3871 479 3955; x_wconf 79' lang='grc'><strong>71,</strong></span> <span class='ocrx_word' id='word_1_300' title='bbox 492 3866 567 3956; x_wconf 83' lang='grc'>51)’</span> <span class='ocrx_word' id='word_1_301' title='bbox 598 3868 618 3953; x_wconf 76' lang='grc' dir='ltr'>ἢ</span> <span class='ocrx_word' id='word_1_302' title='bbox 642 3869 660 3934; x_wconf 86' lang='grc' dir='ltr'>ὁ</span> <span class='ocrx_word' id='word_1_303' title='bbox 685 3868 721 3934; x_wconf 80' lang='grc' dir='ltr'><strong>ἐν</strong></span> <span class='ocrx_word' id='word_1_304' title='bbox 735 3867 848 3953; x_wconf 76' lang='grc' dir='ltr'><em>’Ἀργει</em></span> <span class='ocrx_word' id='word_1_305' title='bbox 871 3878 1004 3952; x_wconf 81' lang='grc' dir='ltr'><em>πρῶτον</em></span> <span class='ocrx_word' id='word_1_306' title='bbox 1026 3866 1192 3950; x_wconf 81' lang='grc' dir='ltr'><em>πεφηνώς,</em></span> <span class='ocrx_word' id='word_1_307' title='bbox 1216 3863 1315 3949; x_wconf 82' lang='grc' dir='ltr'><em>ὁγὰρ</em></span> 
     </span>
     <span class='ocr_line' id='line_1_35' title="bbox 142 3969 1315 4061; baseline -0.004 -20"><span class='ocrx_word' id='word_1_308' title='bbox 142 3975 262 4061; x_wconf 79' lang='grc' dir='ltr'><em>Ἑρμῆς</em></span> <span class='ocrx_word' id='word_1_309' title='bbox 288 3987 422 4061; x_wconf 78' lang='grc' dir='ltr'><em>πρῶτον</em></span> <span class='ocrx_word' id='word_1_310' title='bbox 450 3975 486 4041; x_wconf 80' lang='grc' dir='ltr'><strong>ἐν</strong></span> <span class='ocrx_word' id='word_1_311' title='bbox 500 3974 614 4060; x_wconf 76' lang='grc' dir='ltr'><em>’Ἀργει</em></span> <span class='ocrx_word' id='word_1_312' title='bbox 643 3975 749 4060; x_wconf 80' lang='grc' dir='ltr'><em>ἕφιίνη</em></span> <span class='ocrx_word' id='word_1_313' title='bbox 778 3972 900 4061; x_wconf 83' lang='lat' dir='ltr'><strong>(Etym.</strong></span> <span class='ocrx_word' id='word_1_314' title='bbox 920 3972 1027 4058; x_wconf 84' lang='lat' dir='ltr'><strong>Magn.</strong></span> <span class='ocrx_word' id='word_1_315' title='bbox 1047 3996 1076 4057; x_wconf 93' lang='lat' dir='ltr'><strong>p.</strong></span> <span class='ocrx_word' id='word_1_316' title='bbox 1098 3972 1176 4058; x_wconf 88' lang='grc'>136,</span> <span class='ocrx_word' id='word_1_317' title='bbox 1195 3969 1267 4059; x_wconf 87' lang='grc'>49)·</span> <span class='ocrx_word' id='word_1_318' title='bbox 1295 3970 1315 4054; x_wconf 79' lang='grc' dir='ltr'>ἢ</span> 
     </span>
     <span class='ocr_line' id='line_1_36' title="bbox 142 4077 1316 4168; baseline -0.006 -20"><span class='ocrx_word' id='word_1_319' title='bbox 142 4081 162 4148; x_wconf 82' lang='grc' dir='ltr'>ὁ</span> <span class='ocrx_word' id='word_1_320' title='bbox 191 4081 340 4168; x_wconf 80' lang='grc' dir='ltr'><em>ἐναργεῖς</em></span> <span class='ocrx_word' id='word_1_321' title='bbox 367 4083 425 4159; x_wconf 80' lang='grc' dir='ltr'><em>τὰς</em></span> <span class='ocrx_word' id='word_1_322' title='bbox 451 4086 636 4167; x_wconf 83' lang='grc' dir='ltr'><em>φαντασίας</em></span> <span class='ocrx_word' id='word_1_323' title='bbox 663 4081 846 4165; x_wconf 79' lang='grc' dir='ltr'><em>ἀποτελῶν,</em></span> <span class='ocrx_word' id='word_1_324' title='bbox 874 4081 919 4157; x_wconf 82' lang='grc' dir='ltr'><em>ὡς</em></span> <span class='ocrx_word' id='word_1_325' title='bbox 945 4077 1169 4165; x_wconf 81' lang='grc' dir='ltr'><em>Ἀρίσταρχος·</em></span> <span class='ocrx_word' id='word_1_326' title='bbox 1198 4077 1217 4161; x_wconf 73' lang='grc' dir='ltr'>ἢ</span> <span class='ocrx_word' id='word_1_327' title='bbox 1246 4077 1316 4163; x_wconf 83' lang='grc' dir='ltr'><em>ἀρι-</em></span> 
     </span>
    </p>

    <p class='ocr_par' dir='ltr' id='par_1_8' title="bbox 143 4232 1317 4398">
     <span class='ocr_line' id='line_1_37' title="bbox 235 4232 1317 4310; baseline -0.006 -18"><span class='ocrx_word' id='word_1_328' title='bbox 235 4243 260 4308; x_wconf 87' lang='grc'><strong>1)</strong></span> <span class='ocrx_word' id='word_1_329' title='bbox 279 4238 321 4293; x_wconf 90' lang='lat' dir='ltr'><strong>De</strong></span> <span class='ocrx_word' id='word_1_330' title='bbox 339 4239 476 4294; x_wconf 86' lang='lat' dir='ltr'><strong>Alexione</strong></span> <span class='ocrx_word' id='word_1_331' title='bbox 494 4242 523 4294; x_wconf 89' lang='lat' dir='ltr'><strong>et</strong></span> <span class='ocrx_word' id='word_1_332' title='bbox 541 4239 690 4310; x_wconf 88' lang='lat' dir='ltr'><strong>Tryphone</strong></span> <span class='ocrx_word' id='word_1_333' title='bbox 709 4238 836 4294; x_wconf 89' lang='lat' dir='ltr'><strong>conferas</strong></span> <span class='ocrx_word' id='word_1_334' title='bbox 856 4235 964 4293; x_wconf 89' lang='lat' dir='ltr'><strong>scholia</strong></span> <span class='ocrx_word' id='word_1_335' title='bbox 977 4238 1139 4305; x_wconf 78' lang='lat' dir='ltr'><strong>Homerica3</strong></span> <span class='ocrx_word' id='word_1_336' title='bbox 1159 4236 1193 4289; x_wconf 89' lang='lat' dir='ltr'><strong>de</strong></span> <span class='ocrx_word' id='word_1_337' title='bbox 1211 4232 1317 4287; x_wconf 88' lang='lat' dir='ltr'><strong>Archia</strong></span> 
     </span>
     <span class='ocr_line' id='line_1_38' title="bbox 143 4320 1315 4398; baseline -0.004 -17"><span class='ocrx_word' id='word_1_338' title='bbox 143 4330 256 4398; x_wconf 85' lang='lat' dir='ltr'><strong>praeter</strong></span> <span class='ocrx_word' id='word_1_339' title='bbox 273 4328 348 4382; x_wconf 91' lang='lat' dir='ltr'><strong>hunc</strong></span> <span class='ocrx_word' id='word_1_340' title='bbox 366 4328 460 4383; x_wconf 91' lang='lat' dir='ltr'><strong>locum</strong></span> <span class='ocrx_word' id='word_1_341' title='bbox 478 4328 565 4382; x_wconf 87' lang='lat' dir='ltr'><strong>etiam</strong></span> <span class='ocrx_word' id='word_1_342' title='bbox 583 4325 726 4398; x_wconf 90' lang='lat' dir='ltr'><strong>Apollonii</strong></span> <span class='ocrx_word' id='word_1_343' title='bbox 744 4327 797 4381; x_wconf 89' lang='lat' dir='ltr'><strong>lex.</strong></span> <span class='ocrx_word' id='word_1_344' title='bbox 816 4326 897 4381; x_wconf 89' lang='lat' dir='ltr'><strong>Hom.</strong></span> <span class='ocrx_word' id='word_1_345' title='bbox 918 4332 978 4396; x_wconf 81' lang='lat'><strong>156,</strong></span> <span class='ocrx_word' id='word_1_346' title='bbox 993 4331 1110 4394; x_wconf 72' lang='lat'><strong>26-293</strong></span> <span class='ocrx_word' id='word_1_347' title='bbox 1130 4325 1249 4378; x_wconf 79' lang='lat' dir='ltr'><strong>Cramer.</strong></span> <span class='ocrx_word' id='word_1_348' title='bbox 1264 4320 1315 4376; x_wconf 87' lang='lat' dir='ltr'><strong>An.</strong></span> 
     </span>
    </p>
   </div>
   <div class='ocr_carea' id='block_1_7' title="bbox 143 4417 1104 4559">
    <p class='ocr_par' dir='ltr' id='par_1_9' title="bbox 143 4417 1104 4559">
     <span class='ocr_line' id='line_1_39' title="bbox 143 4417 535 4487; baseline 0 -15"><span class='ocrx_word' id='word_1_349' title='bbox 143 4417 261 4474; x_wconf 79' lang='lat' dir='ltr'><strong>Par.1v</strong></span> <span class='ocrx_word' id='word_1_350' title='bbox 276 4422 336 4486; x_wconf 77' lang='lat' dir='ltr'><strong>rra,</strong></span> <span class='ocrx_word' id='word_1_351' title='bbox 350 4419 398 4487; x_wconf 69' lang='lat' dir='ltr'><strong>ac,¹</strong></span> <span class='ocrx_word' id='word_1_352' title='bbox 419 4423 478 4486; x_wconf 82' lang='lat' dir='ltr'><strong>raa,</strong></span> <span class='ocrx_word' id='word_1_353' title='bbox 494 4423 535 4472; x_wconf 81' lang='grc' dir='ltr'><strong>ιτ,</strong></span> 
     </span>
     <span class='ocr_line' id='line_1_40' title="bbox 1049 4503 1104 4559; baseline 0.018 -1"><span class='ocrx_word' id='word_1_354' title='bbox 1049 4503 1104 4559; x_wconf 76' lang='grc' dir='ltr'><strong>ιο*</strong></span> 
     </span>
    </p>
   </div>
   <div class='ocr_carea' id='block_1_8' title="bbox 0 0 1501 4980">
    <p class='ocr_par' dir='ltr' id='par_1_10' title="bbox 0 0 1501 4980">
     <span class='ocr_line' id='line_1_41' title="bbox 0 0 1501 4980; baseline 0 0"><span class='ocrx_word' id='word_1_355' title='bbox 0 0 1501 4980; x_wconf 95' lang='lat' dir='ltr'><strong> </strong></span> 
     </span>
    </p>
   </div>
  </div>
 </body>
</html>
