2970 4980
561 303 673 360 Scholia
692 304 791 360 Procli.
1221 309 1263 374 75

178 467 248 534 Iam
271 471 321 533 est
344 472 534 552 perventum
557 469 598 532 ad
619 467 707 534 Dies.
731 467 816 533 Oasu
840 470 979 553 quodam
1002 471 1123 536 facturn
1142 475 1200 556 est,
1219 476 1265 559 ut,

88 576 146 661 qui
163 575 242 640 haec
261 575 383 640 scholia
406 575 605 662 excerpebat,
628 576 732 640 multo
752 579 836 640 esset
856 576 1050 661 diligentior.
1096 577 1181 644 Nam
1199 580 1265 644 fere

87 684 216 766 integra
235 686 374 768 exstant,
395 681 589 765 paucissima
612 681 836 747 desideramus.
883 682 1083 768 Quamquam
1105 686 1264 751 interdum

87 796 129 855 ne
156 789 234 854 haec
262 789 391 873 quidem
414 788 494 853 satis
517 789 612 872 plena
636 810 705 854 esse
728 789 918 855 documento
943 796 1019 855 sunt
1043 792 1265 876 supplementa

88 897 245 982 quaedam
278 894 456 961 Tzetziana.
512 893 644 980 Semper
676 917 752 960 vero
784 897 895 984 periit,
926 918 1008 981 quae
1034 899 1167 982 propria
1196 903 1265 964 erat

87 1003 210 1089 Procli,
237 1002 407 1087 dispositio
435 1002 482 1067 rei
509 1003 702 1068 tractandae.
755 1002 818 1068 Est
847 1025 989 1091 quoque,
1017 1004 1074 1069 ubi
1103 1006 1266 1091 ambigere

88 1111 199 1196 liceat,
234 1109 385 1175 Proolum
417 1131 458 1174 an
490 1114 630 1174 veterem
661 1110 870 1193 interpretem
902 1115 1075 1176 teneamus.
1136 1110 1199 1177 Sed
1231 1114 1266 1177 in

89 1218 275 1283 universum
306 1216 357 1281 via
390 1239 426 1281 ac
458 1217 542 1282 ratio
574 1217 852 1301 interpretationis
884 1217 1070 1283 Proelianae
1101 1218 1163 1284 hoc
1193 1221 1264 1285 loco

90 1325 213 1409 optime
237 1328 425 1388 conservata
445 1326 511 1389 est:
534 1324 610 1389 hine
633 1328 683 1389 est
704 1346 819 1389 norma
841 1325 988 1411 petenda,
1011 1326 1051 1390 ad
1074 1349 1171 1411 quam
1194 1327 1265 1391 reli·

76 1454 154 1516 -qua
181 1451 331 1496 revocare
356 1452 484 1496 neeesse
514 1432 564 1496 sit.
610 1430 719 1496 Unum
741 1436 849 1496 tamen
873 1453 996 1496 moneo.
1042 1430 1156 1516 Neque
1180 1434 1265 1497 enim

89 1539 176 1624 fugit
195 1560 388 1622 quemquam
404 1537 555 1603 Proolum
573 1538 723 1603 hocloco
742 1541 869 1623 praeter
887 1538 1150 1603 consuetudinem
1174 1561 1265 1604 suam

91 1645 246 1711 brevitati
269 1644 440 1711 studuisse.
486 1644 585 1710 Deest
607 1645 661 1710 hie
684 1645 775 1729 copia
799 1645 1018 1729 exemplorum
1040 1650 1073 1711 et
1090 1646 1266 1712 multitudo

91 1753 364 1818 observationum.
419 1749 519 1818 Cuius
551 1753 599 1817 rei
626 1773 721 1817 causa
749 1756 798 1817 est
825 1752 963 1836 petenda
995 1753 1035 1816 ab
1067 1753 1139 1837 ipsa
1171 1774 1264 1839 argu-

89 1860 192 1925 menti
220 1863 352 1945 natura,
376 1881 457 1944 quae
478 1881 537 1924 nec
559 1859 775 1924 cohortationi
798 1859 967 1924 conveniat
990 1860 1030 1923 od
1052 1860 1265 1925 emendandos

89 1988 196 2032 mores
219 1970 422 2050 comparatae
439 1963 549 2054 nequeJ
563 1966 759 2032 enarrationi
776 1966 959 2031 fabularum
978 1988 1147 2051 rerumque
1162 1970 1266 2052 gesta-

89 2097 164 2139 rum
190 2073 355 2139 historiae.
400 2072 524 2138 Eadem
552 2078 601 2138 est
624 2096 733 2159 eausa,
763 2096 819 2140 cur
841 2074 948 2139 minus
973 2095 1067 2158 saepe
1089 2074 1199 2158 lapsus
1223 2075 1266 2139 sit

90 2185 283 2274 excerptor..
1164 2243 1188 2287 ο

180 2287 290 2352 Habes
319 2291 426 2352 autem
453 2287 559 2352 Procli
587 2288 709 2353 scholia
731 2311 760 2379 p.
780 2287 859 2374 414,
878 2288 1045 2374 29-416,
1066 2289 1121 2373 10,
1148 2288 1266 2372 quibus

90 2395 189 2461 addas
216 2395 386 2460 Tzetziana
414 2395 453 2459 de
481 2393 610 2479 Orpheo
638 2419 668 2479 p.
688 2395 766 2459 416:
797 2394 937 2459 multum
960 2394 1045 2459 enim
1068 2394 1168 2458 fuisse
1190 2395 1267 2460 Pro-

90 2503 178 2567 clum
204 2502 240 2566 in
266 2501 326 2566 hac
354 2524 389 2565 re
416 2501 606 2567 documento
637 2505 712 2567 sunt
739 2502 803 2566 loci
825 2524 855 2585 p.
874 2502 939 2565 419
950 2523 996 2585 sq.
1021 2505 1052 2566 et
1075 2501 1151 2588 440,
1171 2502 1212 2565 10
1235 2506 1267 2565 41

92 2630 176 2694 quae
198 2608 263 2673 iam
286 2631 383 2692 supra
406 2609 567 2673 interdum
589 2609 767 2692 disputavit
790 2609 828 2673 de
847 2607 975 2692 Orpheo
999 2605 1052 2695 (of.
1072 2609 1158 2673 adv.
1180 2607 1266 2696 115).

92 2716 281 2800 Exscripsit
303 2715 365 2780 hoc
393 2715 538 2780 scholion
572 2738 698 2799 unaque
726 2738 799 2780 curn
822 2737 873 2800 eo,
901 2716 987 2798 quod
1020 2715 1178 2800 sequitur,
1200 2713 1267 2778 Mo·
1298 2759 1299 2762 κ

94 2823 268 2906 schopulus
291 2845 321 2906 p.
349 2823 425 2909 417,
456 2826 493 2887 ut
526 2823 712 2907 saepissime
744 2823 778 2887 in
802 2822 1024 2906 sequentibus3
1051 2821 1135 2885 nihil
1159 2823 1267 2884 tamen

91 2930 167 2996 inde
191 2929 319 2995 aceedit.
337 2967 380 2976 —-
401 2927 555 3013 Sequitur
577 2930 736 2994 scholium
753 2953 783 3013 p.
801 2929 877 3016 417,
895 2928 1059 3013 34-418,
1077 2928 1108 3012 4,
1128 2926 1268 3012 12-23,

92 3037 150 3102 ubi
176 3037 303 3100 nullum
329 3037 428 3102 habet
455 3037 562 3101 locum
588 3037 669 3100 illud
697 3039 815 3112 ἄλλωςε
848 3039 938 3120 patet
967 3035 1051 3100 enirn
1083 3037 1267 3117 excerptum

92 3165 163 3209 esse
192 3148 365 3228 utrumque
397 3166 435 3209 ex
468 3144 578 3208 eodem
611 3142 849 3208 commentario.
883 3180 925 3188 —
958 3142 1147 3227 Excipiunt,
1186 3162 1267 3224 quae

93 3255 170 3315 sunt
193 3250 233 3314 ad
256 3273 285 3315 v.
307 3250 380 3336 760,
402 3274 432 3334 p.
451 3251 527 3336 418,
546 3250 710 3337 23-420,
730 3251 780 3334 12,
804 3250 959 3334 aquibus
979 3271 1060 3334 quae
1079 3251 1268 3332 sequuntur,

93 3357 217 3442 optimo
240 3357 310 3421 iure
331 3379 389 3441 per
412 3359 519 3434 ἄλλως
543 3357 788 3442 distinguuntur
811 3356 855 3444 (p.
874 3358 950 3443 421,
970 3355 1109 3443 1-14);
1140 3355 1195 3419 sed
1218 3355 1267 3418 de-

92 3465 205 3529 bemus
233 3465 415 3548 posteriora
441 3462 557 3529 Proclo
585 3464 760 3549 vindicare,
787 3465 896 3548 priora
924 3465 1026 3529 veteri
1048 3462 1267 3549 grammatico.

92 3569 175 3635 Rem
190 3570 329 3657 conficit,
343 3570 429 3656 quod
442 3572 478 3635 in
496 3572 597 3636 altero
616 3570 738 3636 scholio
758 3572 870 3637 subest
889 3572 1035 3636 doctrina
1048 3568 1268 3653 Philochorea,

94 3699 176 3762 quae
199 3678 238 3742 ad
262 3677 328 3742 dies
352 3699 460 3742 sacros
483 3678 624 3761 pertinet
648 3678 796 3763 capitque
818 3700 952 3762 prorsus
975 3677 1093 3742 veteris
1112 3696 1268 3760 gramma-

92 3784 150 3848 tici
176 3787 292 3870 artem,
318 3785 352 3848 in
381 3784 482 3849 altero
511 3785 620 3849 eodem
647 3785 781 3849 consilio
805 3785 982 3849 afferuntur
1009 3781 1268 3847 harmonicorum

93 3890 235 3955 rationes
269 3894 300 3955 et
329 3913 410 3975 quae
438 3895 514 3955 sunt
542 3891 605 3956 alia
636 3891 904 3976 philosophorum
926 3889 1068 3976 propria,
1095 3888 1268 3973 inquibus

92 4000 184 4061 totus
221 4001 368 4062 versatur
405 3997 545 4062 Proelus..
605 3996 759 4063 Censores
792 3997 890 4063 etiam
922 3997 1055 4061 Taetzae
1093 3995 1268 4061 calumnias

92 4125 123 4187 p.
142 4102 218 4188 420,
236 4102 277 4167 27
302 4107 334 4169 41
358 4126 439 4189 quae
463 4108 649 4188 sequuntur.
1342 4085 1345 4092 Ι

182 4208 283 4275 Ρο11ο
310 4208 417 4285 Procli
446 4215 521 4276 sunt
548 4234 578 4295 p.
596 4210 678 4296 422,
698 4210 798 4297 1-0,
818 4210 984 4296 16-423,
1002 4210 1039 4299 3,
1055 4209 1132 4295 424,
1152 4207 1269 4293 1-25,

93 4338 161 4383 non
178 4320 228 4382 est
242 4318 310 4382 eius
324 4317 551 4383 brevissimum
567 4317 727 4382 scholium
741 4317 781 4380 ad
795 4339 824 4380 v.
841 4315 914 4404 775,
927 4340 957 4400 p.
972 4317 1048 4402 424,
1061 4313 1225 4401 34-425,
1239 4315 1269 4399 2,

93 4424 130 4488 in
163 4445 226 4508 quo
259 4425 371 4489 insunt
403 4424 614 4511 grammatica
646 4429 678 4490 et
709 4422 933 4490 Alexandrina.
984 4422 1168 4507 Sequuntur
1195 4443 1269 4486 vere
