2970 4980
510 333 551 389 De
570 333 688 389 Taetaae
706 333 876 389 scholiorum
894 335 979 390 fonte.
1283 336 1327 402 45

156 492 194 560 δὲ
218 497 312 561 δοκεῖ
332 497 454 574 ταύτας
477 494 601 583 ἑτέροις
623 509 864 582 νυμφαγογεῖν,
888 497 948 581 οὐχ
971 487 1087 583 οἷσπερ
1105 508 1207 563 ταῦτα
1225 521 1329 586 παρα-

154 604 332 668 κελεύεται.
381 606 468 669 πολὺ
498 603 786 690 παρηίικεστέροις
814 606 876 690 γάρ
904 603 1015 669 αὐτῶν
1042 603 1182 691 ἀνδράσι
1209 607 1330 684 ταύτας

156 709 334 775 συνάπτων
362 708 584 794 άφυβρικέναι
612 708 792 795 μονονουχὶ
820 711 941 787 ταύτας
968 713 1223 798 παρακελεύεται
1246 715 1330 799 πρὸς

154 817 215 893 τάς
241 818 371 883 τούτων
400 817 507 895 εὐνάς.
553 819 673 903 μικρὸν
700 818 763 903 γάρ
791 817 870 901 ἤδη,
897 819 952 882 καὶ
980 818 1015 882 οί
1040 814 1102 902 μὲν
1127 817 1246 896 τελέως
1273 844 1330 903 γη-

155 923 317 1009 ράσαντες
345 923 608 1007 άσθενησουσιν,
638 925 675 988 αί
702 920 739 988 δὲ
765 925 848 1010 πρὸς
870 925 908 989 τὸ
932 934 1098 1010 σφριγοῦν
1121 934 1179 1009 της
1201 925 1330 1008 ἡλικίας

155 1028 419 1117 άναδραμοῦσαι,
442 1031 503 1113 την
527 1029 689 1115 ἀνδρικὴν
712 1030 852 1116 τριβάδα
876 1031 1002 1096 ὁπόθεν
1023 1033 1195 1114 γενησεται
1214 1032 1330 1109 αὑταῖς

154 1138 411 1220 μηχανήσονται.
456 1138 713 1224 παρακελεύεται
737 1134 774 1202 δὲ
796 1139 855 1203 τὸν
879 1138 997 1222 γάμοις
1020 1141 1330 1224 συναρμοττόμευου

154 1238 210 1307 καὶ
238 1242 411 1329 παρθένον
439 1244 622 1329 λαμβάνειν
650 1242 703 1308 καὶ
728 1247 759 1309 ιέ
781 1247 919 1328 χρόνων.
967 1242 1038 1329 ἐμοὶ
1062 1241 1099 1309 δὲ
1122 1244 1330 1331 διηπόρηται,

155 1351 187 1414 εί
208 1347 263 1414 καί
287 1359 344 1434 τῆς
367 1348 519 1438 μητρῴας
541 1352 666 1434 νηδύος
687 1349 841 1437 παρθένα
864 1360 929 1415 νῦν
949 1349 1004 1416 καὶ
1023 1353 1146 1417 άσπιία
1164 1353 1204 1416 τά
1222 1353 1329 1435 sesso

154 1459 306 1521 τίκτεται.
353 1455 406 1522 ἐπὶ
430 1455 601 1546 ὡρισμένῳ
626 1454 663 1522 δὲ
681 1467 784 1545 καιρῷ
802 1455 857 1522 καὶ
878 1458 1066 1541 ἐπιτηδείου
1084 1462 1207 1544 χρόνον
1226 1458 1329 1544 ὑπάρ-

154 1585 228 1647 χου,
251 1561 271 1645 il
296 1562 459 1648 ἁρμοδίου
482 1566 614 1650 χρόνου.
651 1564 671 1646 ἡ
696 1560 733 1628 δὲ
756 1564 841 1647 γυνη
865 1568 1034 1648 γαμείσθω
1056 1565 1136 1648 μετά
1154 1566 1215 1647 τὴν
1233 1565 1329 1649 ἥβην,

156 1672 229 1747 ἔτος
242 1669 391 1755 πέμπτον
406 1674 527 1756 ἔχουσα
540 1676 608 1736 κτλ.
641 1669 791 1754 Undique
805 1670 980 1735 destitutus
995 1670 1072 1754 quid
1086 1670 1184 1735 feeit?
1208 1668 1330 1737 Contra

154 1773 335 1842 Hesiodum
358 1778 466 1862 ipsum
488 1777 661 1863 pugnavit,
688 1798 799 1842 unum
825 1800 944 1842 annum
966 1774 1107 1864 (tantine
1133 1776 1195 1842 hoe
1222 1776 1328 1867 erat‘l)

154 1881 278 1947 addidit
316 1885 415 1949 aetati
452 1885 492 1949 ab
529 1885 587 1949 illo
620 1884 823 1949 constitutae.
874 1885 984 1949 Talem
1016 1907 1089 1948 eum
1120 1884 1329 1969 interpretem

154 2010 281 2074 semper
305 1991 457 2077 invenies,
480 1991 674 2076 ubicumque
691 1990 799 2056 Procli
822 1991 994 2056 defecerint
1018 1990 1139 2056 scholia
1161 1995 1195 2056 et
1212 1992 1329 2056 veteris

153 2096 350 2180 interpretis.
397 2095 525 2172 Quanta
561 2101 668 2162 autem
704 2098 740 2162 in
775 2098 846 2182 ipso
883 2097 982 2161 fuerit
1019 2098 1066 2162 rei
1103 2099 1329 2184 grammaticae

142 2201 285 2293 peritia,
312 2203 380 2268 eius
410 2204 457 2268 rei
490 2208 679 2290 argumento
708 2205 765 2291 sit,
793 2205 879 2288 quod
902 2208 951 2269 est
974 2204 1014 2268 ad
1032 2227 1062 2270 v.
1082 2205 1146 2271 696
1170 2202 1215 2292 (p
1235 2203 1329 2294 379):

153 2310 197 2394 μη
226 2309 355 2397 γράψης
383 2311 621 2395 ετριηκόντων,
650 2318 714 2376 είτε
734 2309 894 2376 Ἡσιόδου
923 2318 988 2376 είτε
1015 2315 1263 2398 μεταγραφικὸν
1290 2315 1328 2379 τὸ

152 2428 299 2500 πταῖσμα
335 2419 506 2502 τυγχάνει,
543 2418 626 2484 ἀλλά
662 2420 848 2505 τριήκοντα.
898 2427 1000 2483 πᾶσα
1037 2419 1109 2504 γάρ
1142 2420 1252 2503 φωνη
1284 2422 1328 2485 τά

153 2524 243 2610 τριδι
266 2523 359 2609 γένη
383 2529 630 2609 σημαίνουσα
654 2525 694 2590 ἐν
717 2534 786 2612 μιᾷ
811 2523 913 2603 λέξει
931 2527 1091 2602 άκίιτός
1111 2523 1230 2591 ἐστιν·
1254 2517 1328 2591 οἷον

153 2631 346 2715 τριάκοντα,
378 2635 596 2715 πεντηκοντα,
626 2629 681 2696 καὶ
709 2631 829 2708 πάντες
856 2632 892 2696 οί
916 2632 1064 2717 άριθμοι.
1111 2633 1237 2718 ὥσπερ
1264 2631 1328 2698 καί

153 2739 194 2802 τὸ
221 2737 308 2821 ἐγώ,
332 2738 393 2821 σύ,
418 2736 502 2822 ἐμοὶ
525 2736 589 2803 ’καὶ
612 2740 656 2803 τά
680 2738 803 2822 ὁμοῖα.
841 2729 891 2815 οἷς
914 2734 952 2803 δέ
970 2739 1135 2822 βουλητὸν
1153 2737 1328 2822 ἀποπηδᾶν

153 2856 220 2910 τῶν
244 2844 332 2930 ἐμῶν
356 2847 465 2928 λόγων
488 2844 707 2931 γραφέτωσαν
729 2847 933 2928 τριακόντων
950 2842 1005 2910 καὶ
1024 2847 1254 2928 πεντηκόυτων
1272 2844 1327 2910 καὶ

154 2950 339 3036 έξηκόντων
370 2949 424 3016 καὶ
454 2949 653 3035 έκατόντων,
681 2954 712 3017 εί
739 2948 957 3038 βούλοιντοά)
1004 2948 1065 3015 Sed
1096 2952 1172 3016 nolo
1205 2951 1326 3016 diutius

153 3059 276 3123 versari
299 3059 334 3122 in
356 3080 390 3122 re
413 3059 597 3124 manifesta:
622 3058 734 3122 debuit
756 3058 889 3122 Taetzae
917 3058 1041 3122 omnia
1069 3081 1127 3123 sua
1154 3056 1219 3146 (res
1247 3058 1328 3146 dieo,

153 3187 219 3230 non
242 3163 366 3252 verba),
389 3187 606 3249 quaecumque
630 3166 764 3230 alieuius
784 3169 860 3229 sunt
878 3165 984 3251 pretii,
1007 3165 1138 3230 scholiis
1155 3167 1326 3231 veteribus.

242 3271 336 3336 Unus
369 3273 499 3337 omnino
533 3277 582 3337 est
613 3273 717 3359 loeus,
748 3272 805 3336 ubi
837 3273 910 3356 quis
942 3273 977 3335 in
1004 3271 1238 3338 dubitationem
1265 3272 1327 3338 hoe
1379 3309 1380 3312 ¹

153 3379 330 3463 vocaverit,
360 3379 478 3464 quippe
506 3379 541 3442 in
568 3378 855 3462 quo·Byzantinus
878 3379 1036 3462 interpres
1060 3401 1132 3443 oum
1155 3379 1327 3444 abhorreat

154 3487 193 3551 ab
217 3487 485 3570 interpretatione
511 3484 695 3573 Proeliana,
721 3485 956 3550 nihilominus
981 3489 1012 3550 et
1039 3485 1167 3570 copiose
1194 3491 1227 3551 et
1254 3509 1326 3551 eum

154 3594 261 3659 fruetu
290 3593 441 3678 disputet.
486 3592 632 3657 Pertinet
659 3592 738 3658 haee
765 3592 992 3677 interpretatio
1021 3592 1060 3657 ad
1087 3592 1266 3657 Pandoram
1294 3597 1326 3657 et

244 3825 270 3892 1)
289 3822 327 3876 Ut
347 3821 490 3891 digamma
509 3840 590 3876 suum
608 3821 654 3875 hie
673 3839 784 3890 quoque
802 3814 929 3890 haberet,
947 3820 1127 3891 praeferebat
1144 3821 1178 3876 H.
1193 3819 1325 3876 Flaohius

155 3910 273 3965 formam
292 3928 309 3964 a
325 3911 428 3965 Tzetza
443 3911 668 3965 commendatam
682 3914 780 3965 eontra
795 3910 994 3965 auctoritatem
1008 3910 1177 3980 optimorum
1190 3910 1327 3965 librorum

156 4002 184 4053 et
204 4017 382 4070 papyrorum.
421 3999 533 4070 Optime
556 4003 654 4055 eontra
678 4016 741 4055 eum
765 3999 923 4070 disputavit
945 3999 1088 4054 Hartelius
1112 3999 1261 4069 „Zeitsohr¹
1281 4001 1327 4054 ffir

157 4091 251 4144 tsterr.
276 4088 485 4158 Gymn.“1876
507 4108 534 4159 p.
555 4095 606 4143 640
617 4107 656 4158 sq.
700 4089 739 4144 cf.
764 4088 852 4143 etiam
874 4087 1029 4143 Rzaehium
1052 4089 1120 4159 „der
1136 4088 1254 4144 Dialekt
1276 4089 1325 4144 des

155 4177 237 4233 Hes.“
256 4178 286 4231 in
304 4177 480 4232 Jahrbuoher
497 4178 543 4231 fiir
561 4178 610 4233 Ph.
631 4178 721 4248 suppl.
736 4179 808 4234 VIII.
825 4183 893 4232 1876
912 4197 939 4248 p.
956 4184 1009 4232 424
1029 4178 1203 4247 eundemque
1221 4177 1252 4230 in
1275 4195 1325 4248 ap-

156 4269 256 4334 paratu
280 4266 377 4321 critico
397 4267 527 4321 adhunc
546 4283 657 4321 versum
675 4267 705 4321 in
724 4266 849 4321 editione
869 4272 945 4322 1884.
983 4268 1132 4322 Praeterea
1150 4267 1216 4322 vide
1234 4267 1325 4320 Roeh-

156 4353 225 4410 lium
248 4357 332 4411 Inser.
356 4373 447 4426 graec.
473 4356 560 4424 antiq.
581 4363 631 4411 381
652 4374 674 4411 e.
690 4356 717 4410 d.
736 4356 828 4425 Etym.
845 4356 939 4425 Magn.
958 4374 985 4426 p.
1002 4361 1068 4429 290,
1084 4362 1126 4412 51.
1152 4354 1265 4411 Anthol.
1283 4362 1324 4428 14,

158 4449 181 4514 a,
195 4451 219 4500 o.
241 4451 300 4514 ιιι,
316 4451 349 4498 13
364 4448 418 4501 ete.
