<?xml version="1.0" encoding="UTF-8"?>
<!DOCTYPE html PUBLIC "-//W3C//DTD XHTML 1.0 Transitional//EN"
    "http://www.w3.org/TR/xhtml1/DTD/xhtml1-transitional.dtd">
<html xmlns="http://www.w3.org/1999/xhtml" xml:lang="en" lang="en">
 <head>
  <title>
</title>
<meta http-equiv="Content-Type" content="text/html;charset=utf-8" />
  <meta name='ocr-system' content='tesseract 3.04.00' />
  <meta name='ocr-capabilities' content='ocr_page ocr_carea ocr_par ocr_line ocrx_word'/>
</head>
<body>
  <div class='ocr_page' id='page_1' title='image "./studiahesiodeas00dimigoog_0045.png"; bbox 0 0 2970 4980; ppageno 0'>
   <div class='ocr_carea' id='block_1_1' title="bbox 162 324 1151 396">
    <p class='ocr_par' dir='ltr' id='par_1_1' title="bbox 162 324 1151 396">
     <span class='ocr_line' id='line_1_1' title="bbox 162 324 1151 396; baseline 0 -17"><span class='ocrx_word' id='word_1_1' title='bbox 162 325 205 388; x_wconf 86' lang='grc'><em>34</em></span> <span class='ocrx_word' id='word_1_2' title='bbox 333 324 375 379; x_wconf 90' lang='lat' dir='ltr'><em>De</em></span> <span class='ocrx_word' id='word_1_3' title='bbox 394 324 528 395; x_wconf 80' lang='lat' dir='ltr'>ampliore</span> <span class='ocrx_word' id='word_1_4' title='bbox 548 324 615 380; x_wconf 91' lang='lat' dir='ltr'>olim</span> <span class='ocrx_word' id='word_1_5' title='bbox 633 325 743 380; x_wconf 78' lang='lat' dir='ltr'>Veteris</span> <span class='ocrx_word' id='word_1_6' title='bbox 761 324 924 396; x_wconf 87' lang='lat' dir='ltr'>Interpretis</span> <span class='ocrx_word' id='word_1_7' title='bbox 943 325 1151 380; x_wconf 73' lang='lat' dir='ltr'>commentario.</span> 
     </span>
    </p>
   </div>
   <div class='ocr_carea' id='block_1_2' title="bbox 148 487 1336 4525">
    <p class='ocr_par' dir='ltr' id='par_1_2' title="bbox 148 487 1336 4525">
     <span class='ocr_line' id='line_1_2' title="bbox 162 487 1336 576; baseline 0.002 -24"><span class='ocrx_word' id='word_1_8' title='bbox 162 509 255 552; x_wconf 92' lang='lat' dir='ltr'>suum</span> <span class='ocrx_word' id='word_1_9' title='bbox 273 487 424 553; x_wconf 89' lang='lat' dir='ltr'>Proclum</span> <span class='ocrx_word' id='word_1_10' title='bbox 447 488 673 574; x_wconf 82' lang='lat' dir='ltr'>longissimum</span> <span class='ocrx_word' id='word_1_11' title='bbox 692 489 818 576; x_wconf 78' lang='lat' dir='ltr'>dixerit,</span> <span class='ocrx_word' id='word_1_12' title='bbox 841 511 967 574; x_wconf 82' lang='lat' dir='ltr'>quaque</span> <span class='ocrx_word' id='word_1_13' title='bbox 985 490 1108 554; x_wconf 75' lang='lat' dir='ltr'>ratione</span> <span class='ocrx_word' id='word_1_14' title='bbox 1123 488 1219 553; x_wconf 91' lang='lat' dir='ltr'>nobis</span> <span class='ocrx_word' id='word_1_15' title='bbox 1238 487 1336 554; x_wconf 82' lang='lat' dir='ltr'>liceat</span> 
     </span>
     <span class='ocr_line' id='line_1_3' title="bbox 160 594 1334 684; baseline 0.001 -24"><span class='ocrx_word' id='word_1_16' title='bbox 160 617 177 660; x_wconf 91' lang='lat' dir='ltr'>e</span> <span class='ocrx_word' id='word_1_17' title='bbox 200 595 298 660; x_wconf 81' lang='lat' dir='ltr'>variis</span> <span class='ocrx_word' id='word_1_18' title='bbox 321 596 466 661; x_wconf 86' lang='lat' dir='ltr'>fontibus</span> <span class='ocrx_word' id='word_1_19' title='bbox 491 597 660 661; x_wconf 70' lang='lat' dir='ltr'>restituere</span> <span class='ocrx_word' id='word_1_20' title='bbox 684 619 765 681; x_wconf 88' lang='lat' dir='ltr'>opus</span> <span class='ocrx_word' id='word_1_21' title='bbox 788 596 886 682; x_wconf 84' lang='lat' dir='ltr'>iliius,</span> <span class='ocrx_word' id='word_1_22' title='bbox 908 597 1053 684; x_wconf 82' lang='lat' dir='ltr'>legamus</span> <span class='ocrx_word' id='word_1_23' title='bbox 1078 595 1163 680; x_wconf 88' lang='lat' dir='ltr'>quod</span> <span class='ocrx_word' id='word_1_24' title='bbox 1182 594 1222 660; x_wconf 81' lang='lat' dir='ltr'><em>cd</em></span> <span class='ocrx_word' id='word_1_25' title='bbox 1241 618 1270 661; x_wconf 89' lang='lat' dir='ltr'><em>v.</em></span> <span class='ocrx_word' id='word_1_26' title='bbox 1290 596 1334 661; x_wconf 82' lang='lat'><em>85</em></span> 
     </span>
     <span class='ocr_line' id='line_1_4' title="bbox 160 700 1333 791; baseline 0 -25"><span class='ocrx_word' id='word_1_27' title='bbox 160 706 266 767; x_wconf 84' lang='lat' dir='ltr'>exstat</span> <span class='ocrx_word' id='word_1_28' title='bbox 290 701 447 767; x_wconf 83' lang='lat' dir='ltr'>scholium</span> <span class='ocrx_word' id='word_1_29' title='bbox 471 701 515 790; x_wconf 86' lang='lat' dir='ltr'><em>(p.</em></span> <span class='ocrx_word' id='word_1_30' title='bbox 535 705 577 769; x_wconf 86' lang='grc'><em>98</em></span> <span class='ocrx_word' id='word_1_31' title='bbox 589 701 664 790; x_wconf 81' lang='lat' dir='ltr'>sq.):</span> <span class='ocrx_word' id='word_1_32' title='bbox 684 701 965 788; x_wconf 74' lang='grc' dir='ltr'><em>Ἀργεϊφόντης</em></span> <span class='ocrx_word' id='word_1_33' title='bbox 988 700 1026 769; x_wconf 71' lang='grc' dir='ltr'><em>δὲ</em></span> <span class='ocrx_word' id='word_1_34' title='bbox 1043 704 1117 786; x_wconf 69' lang='grc' dir='ltr'><em>ἤτοι</em></span> <span class='ocrx_word' id='word_1_35' title='bbox 1136 703 1153 768; x_wconf 90' lang='grc' dir='ltr'>ὁ</span> <span class='ocrx_word' id='word_1_36' title='bbox 1174 701 1210 769; x_wconf 82' lang='grc' dir='ltr'><em>ἐν</em></span> <span class='ocrx_word' id='word_1_37' title='bbox 1227 700 1333 791; x_wconf 74' lang='grc' dir='ltr'><em>Ἀργῷ</em></span> 
     </span>
     <span class='ocr_line' id='line_1_5' title="bbox 160 806 1333 895; baseline 0.001 -22"><span class='ocrx_word' id='word_1_38' title='bbox 160 819 297 890; x_wconf 84' lang='grc' dir='ltr'><em>φωνῶν·</em></span> <span class='ocrx_word' id='word_1_39' title='bbox 322 812 487 894; x_wconf 78' lang='grc' dir='ltr'><em>εἰρηνικὸς</em></span> <span class='ocrx_word' id='word_1_40' title='bbox 510 812 573 895; x_wconf 85' lang='grc' dir='ltr'><em>γάρ</em></span> <span class='ocrx_word' id='word_1_41' title='bbox 598 811 615 876; x_wconf 90' lang='grc' dir='ltr'>ὁ</span> <span class='ocrx_word' id='word_1_42' title='bbox 639 813 719 887; x_wconf 80' lang='grc' dir='ltr'><em>θεὸς</em></span> <span class='ocrx_word' id='word_1_43' title='bbox 741 807 796 876; x_wconf 85' lang='grc' dir='ltr'><em>καὶ</em></span> <span class='ocrx_word' id='word_1_44' title='bbox 820 810 979 893; x_wconf 79' lang='grc' dir='ltr'><em>ἀψευδής·</em></span> <span class='ocrx_word' id='word_1_45' title='bbox 1003 811 1043 875; x_wconf 88' lang='grc' dir='ltr'><em>οί</em></span> <span class='ocrx_word' id='word_1_46' title='bbox 1064 806 1106 875; x_wconf 70' lang='grc' dir='ltr'><em>δὲ</em></span> <span class='ocrx_word' id='word_1_47' title='bbox 1129 811 1333 894; x_wconf 87' lang='grc' dir='ltr'><em>νεώτεροι,</em></span> 
     </span>
     <span class='ocr_line' id='line_1_6' title="bbox 160 913 1332 1001; baseline 0.002 -21"><span class='ocrx_word' id='word_1_48' title='bbox 160 915 211 980; x_wconf 86' lang='grc' dir='ltr'><em>ὅτι</em></span> <span class='ocrx_word' id='word_1_49' title='bbox 230 913 354 1001; x_wconf 79' lang='grc' dir='ltr'><em>’Ἀργον</em></span> <span class='ocrx_word' id='word_1_50' title='bbox 387 916 547 1001; x_wconf 79' lang='grc' dir='ltr'><strong><em>ἐφόνευσε</em></strong></span> <span class='ocrx_word' id='word_1_51' title='bbox 579 919 638 983; x_wconf 92' lang='grc' dir='ltr'><em>τὸν</em></span> <span class='ocrx_word' id='word_1_52' title='bbox 668 921 854 1001; x_wconf 79' lang='grc' dir='ltr'><em>πανόπτην·</em></span> <span class='ocrx_word' id='word_1_53' title='bbox 888 916 1017 994; x_wconf 78' lang='grc' dir='ltr'><strong><em>Νέσσος</em></strong></span> <span class='ocrx_word' id='word_1_54' title='bbox 1045 913 1082 982; x_wconf 70' lang='grc' dir='ltr'><em>δὲ</em></span> <span class='ocrx_word' id='word_1_55' title='bbox 1110 917 1127 982; x_wconf 90' lang='grc' dir='ltr'>ὁ</span> <span class='ocrx_word' id='word_1_56' title='bbox 1156 920 1240 993; x_wconf 88' lang='grc' dir='ltr'><em>Χῖος</em></span> <span class='ocrx_word' id='word_1_57' title='bbox 1267 916 1332 982; x_wconf 87' lang='grc' dir='ltr'><em>άπὸ</em></span> 
     </span>
     <span class='ocr_line' id='line_1_7' title="bbox 159 1022 1333 1108; baseline -0.001 -21"><span class='ocrx_word' id='word_1_58' title='bbox 159 1033 219 1088; x_wconf 88' lang='grc' dir='ltr'><em>τοῦ</em></span> <span class='ocrx_word' id='word_1_59' title='bbox 252 1023 381 1106; x_wconf 75' lang='grc' dir='ltr'><em>διάγειν</em></span> <span class='ocrx_word' id='word_1_60' title='bbox 413 1025 470 1100; x_wconf 84' lang='grc' dir='ltr'><em>τάς</em></span> <span class='ocrx_word' id='word_1_61' title='bbox 497 1035 564 1089; x_wconf 84' lang='grc' dir='ltr'><em>τῶν</em></span> <span class='ocrx_word' id='word_1_62' title='bbox 590 1025 820 1090; x_wconf 79' lang='grc' dir='ltr'><em>τελευτώντων</em></span> <span class='ocrx_word' id='word_1_63' title='bbox 846 1024 962 1108; x_wconf 79' lang='grc' dir='ltr'><em>ψυχάς.</em></span> <span class='ocrx_word' id='word_1_64' title='bbox 1007 1022 1095 1088; x_wconf 83' lang='lat' dir='ltr'>Haec</span> <span class='ocrx_word' id='word_1_65' title='bbox 1121 1027 1189 1087; x_wconf 85' lang='lat' dir='ltr'><em>tam</em></span> <span class='ocrx_word' id='word_1_66' title='bbox 1216 1022 1333 1087; x_wconf 79' lang='lat' dir='ltr'>mutila</span> 
     </span>
     <span class='ocr_line' id='line_1_8' title="bbox 159 1129 1331 1214; baseline -0.001 -20"><span class='ocrx_word' id='word_1_67' title='bbox 159 1133 256 1214; x_wconf 84' lang='lat' dir='ltr'>etque</span> <span class='ocrx_word' id='word_1_68' title='bbox 284 1129 410 1194; x_wconf 80' lang='lat' dir='ltr'>hiantia</span> <span class='ocrx_word' id='word_1_69' title='bbox 437 1130 517 1194; x_wconf 85' lang='lat' dir='ltr'>satis</span> <span class='ocrx_word' id='word_1_70' title='bbox 544 1152 610 1195; x_wconf 96' lang='lat' dir='ltr'><em>non</em></span> <span class='ocrx_word' id='word_1_71' title='bbox 638 1130 738 1195; x_wconf 88' lang='lat' dir='ltr'>fuisse</span> <span class='ocrx_word' id='word_1_72' title='bbox 760 1131 862 1194; x_wconf 87' lang='lat' dir='ltr'>veteri</span> <span class='ocrx_word' id='word_1_73' title='bbox 884 1130 1054 1214; x_wconf 85' lang='lat' dir='ltr'>interpreti</span> <span class='ocrx_word' id='word_1_74' title='bbox 1076 1133 1166 1214; x_wconf 85' lang='lat' dir='ltr'>patet</span> <span class='ocrx_word' id='word_1_75' title='bbox 1189 1151 1227 1193; x_wconf 84' lang='lat' dir='ltr'><em>ex</em></span> <span class='ocrx_word' id='word_1_76' title='bbox 1251 1129 1331 1214; x_wconf 91' lang='lat' dir='ltr'>ipsis</span> 
     </span>
     <span class='ocr_line' id='line_1_9' title="bbox 159 1235 1334 1323; baseline 0 -22"><span class='ocrx_word' id='word_1_77' title='bbox 159 1258 240 1320; x_wconf 80' lang='lat' dir='ltr'>quoe</span> <span class='ocrx_word' id='word_1_78' title='bbox 262 1236 401 1323; x_wconf 85' lang='lat' dir='ltr'>legimus</span> <span class='ocrx_word' id='word_1_79' title='bbox 425 1235 540 1301; x_wconf 82' lang='lat' dir='ltr'>verbis.</span> <span class='ocrx_word' id='word_1_80' title='bbox 581 1235 657 1302; x_wconf 90' lang='lat' dir='ltr'><em>Non</em></span> <span class='ocrx_word' id='word_1_81' title='bbox 680 1237 789 1321; x_wconf 91' lang='lat' dir='ltr'>potuit</span> <span class='ocrx_word' id='word_1_82' title='bbox 811 1237 1025 1301; x_wconf 78' lang='lat' dir='ltr'>recentiorum</span> <span class='ocrx_word' id='word_1_83' title='bbox 1047 1236 1190 1320; x_wconf 87' lang='lat' dir='ltr'>proferre</span> <span class='ocrx_word' id='word_1_84' title='bbox 1212 1258 1272 1320; x_wconf 88' lang='lat' dir='ltr'>per</span> <span class='ocrx_word' id='word_1_85' title='bbox 1294 1235 1334 1301; x_wconf 84' lang='grc' dir='ltr'><em>δέ</em></span> 
     </span>
     <span class='ocr_line' id='line_1_10' title="bbox 159 1342 1331 1430; baseline 0.001 -23"><span class='ocrx_word' id='word_1_86' title='bbox 159 1344 361 1430; x_wconf 73' lang='lat' dir='ltr'>sententiam,</span> <span class='ocrx_word' id='word_1_87' title='bbox 385 1343 450 1408; x_wconf 89' lang='lat' dir='ltr'>nisi</span> <span class='ocrx_word' id='word_1_88' title='bbox 472 1344 687 1408; x_wconf 83' lang='lat' dir='ltr'>vetustiorum</span> <span class='ocrx_word' id='word_1_89' title='bbox 711 1347 779 1408; x_wconf 80' lang='lat' dir='ltr'>erut</span> <span class='ocrx_word' id='word_1_90' title='bbox 803 1344 961 1428; x_wconf 85' lang='lat' dir='ltr'>opposita.</span> <span class='ocrx_word' id='word_1_91' title='bbox 1006 1342 1120 1407; x_wconf 81' lang='lat' dir='ltr'>Priore</span> <span class='ocrx_word' id='word_1_92' title='bbox 1142 1347 1252 1407; x_wconf 84' lang='lat' dir='ltr'>tomen</span> <span class='ocrx_word' id='word_1_93' title='bbox 1275 1342 1331 1408; x_wconf 75' lang='lat' dir='ltr'>illa</span> 
     </span>
     <span class='ocr_line' id='line_1_11' title="bbox 157 1449 1331 1536; baseline 0 -22"><span class='ocrx_word' id='word_1_94' title='bbox 157 1449 275 1515; x_wconf 89' lang='lat' dir='ltr'>horum</span> <span class='ocrx_word' id='word_1_95' title='bbox 297 1450 398 1515; x_wconf 83' lang='lat' dir='ltr'>fuisse</span> <span class='ocrx_word' id='word_1_96' title='bbox 420 1473 461 1515; x_wconf 88' lang='lat' dir='ltr'><em>ne</em></span> <span class='ocrx_word' id='word_1_97' title='bbox 479 1450 578 1515; x_wconf 82' lang='lat' dir='ltr'>verbo</span> <span class='ocrx_word' id='word_1_98' title='bbox 598 1450 727 1534; x_wconf 90' lang='lat' dir='ltr'>quidem</span> <span class='ocrx_word' id='word_1_99' title='bbox 745 1450 911 1516; x_wconf 81' lang='lat' dir='ltr'>indicavit:</span> <span class='ocrx_word' id='word_1_100' title='bbox 934 1453 1081 1534; x_wconf 81' lang='lat' dir='ltr'>pugnant</span> <span class='ocrx_word' id='word_1_101' title='bbox 1100 1449 1164 1513; x_wconf 85' lang='lat' dir='ltr'>ista</span> <span class='ocrx_word' id='word_1_102' title='bbox 1181 1449 1268 1513; x_wconf 87' lang='lat' dir='ltr'>inter</span> <span class='ocrx_word' id='word_1_103' title='bbox 1288 1470 1331 1536; x_wconf 87' lang='lat' dir='ltr'><em>se,</em></span> 
     </span>
     <span class='ocr_line' id='line_1_12' title="bbox 157 1551 1330 1641; baseline -0.002 -19"><span class='ocrx_word' id='word_1_104' title='bbox 157 1579 262 1641; x_wconf 89' lang='lat' dir='ltr'>neque</span> <span class='ocrx_word' id='word_1_105' title='bbox 283 1558 442 1623; x_wconf 84' lang='lat' dir='ltr'>sententia</span> <span class='ocrx_word' id='word_1_106' title='bbox 460 1555 557 1622; x_wconf 89' lang='lat' dir='ltr'>Nessi</span> <span class='ocrx_word' id='word_1_107' title='bbox 576 1557 616 1621; x_wconf 85' lang='lat' dir='ltr'><em>ad</em></span> <span class='ocrx_word' id='word_1_108' title='bbox 635 1557 854 1641; x_wconf 80' lang='lat' dir='ltr'>explicandam</span> <span class='ocrx_word' id='word_1_109' title='bbox 877 1579 986 1622; x_wconf 85' lang='lat' dir='ltr'>rocem</span> <span class='ocrx_word' id='word_1_110' title='bbox 1002 1551 1237 1641; x_wconf 79' lang='grc' dir='ltr'><em>Ἀργειφόντης</em></span> <span class='ocrx_word' id='word_1_111' title='bbox 1260 1578 1330 1641; x_wconf 88' lang='lat' dir='ltr'>per-</span> 
     </span>
     <span class='ocr_line' id='line_1_13' title="bbox 156 1662 1331 1749; baseline 0.001 -22"><span class='ocrx_word' id='word_1_112' title='bbox 156 1664 248 1729; x_wconf 86' lang='lat' dir='ltr'>tinet.</span> <span class='ocrx_word' id='word_1_113' title='bbox 283 1662 396 1749; x_wconf 85' lang='lat' dir='ltr'>Itaque</span> <span class='ocrx_word' id='word_1_114' title='bbox 418 1665 528 1729; x_wconf 87' lang='lat' dir='ltr'>nullus</span> <span class='ocrx_word' id='word_1_115' title='bbox 552 1686 612 1749; x_wconf 84' lang='lat' dir='ltr'><em>ego</em></span> <span class='ocrx_word' id='word_1_116' title='bbox 631 1663 755 1749; x_wconf 90' lang='lat' dir='ltr'>dubit0,</span> <span class='ocrx_word' id='word_1_117' title='bbox 779 1663 858 1748; x_wconf 92' lang='lat' dir='ltr'>quin</span> <span class='ocrx_word' id='word_1_118' title='bbox 875 1664 928 1728; x_wconf 93' lang='lat' dir='ltr'>hic</span> <span class='ocrx_word' id='word_1_119' title='bbox 947 1667 1095 1746; x_wconf 85' lang='lat' dir='ltr'>excerpta</span> <span class='ocrx_word' id='word_1_120' title='bbox 1113 1666 1146 1728; x_wconf 89' lang='lat' dir='ltr'><em>et</em></span> <span class='ocrx_word' id='word_1_121' title='bbox 1165 1684 1202 1727; x_wconf 84' lang='lat' dir='ltr'><em>ec</em></span> <span class='ocrx_word' id='word_1_122' title='bbox 1219 1663 1331 1728; x_wconf 89' lang='lat' dir='ltr'>miser·</span> 
     </span>
     <span class='ocr_line' id='line_1_14' title="bbox 157 1768 1331 1856; baseline 0 -22"><span class='ocrx_word' id='word_1_123' title='bbox 157 1771 238 1834; x_wconf 87' lang='lat' dir='ltr'>rime</span> <span class='ocrx_word' id='word_1_124' title='bbox 261 1774 410 1835; x_wconf 83' lang='lat' dir='ltr'>trunceta</span> <span class='ocrx_word' id='word_1_125' title='bbox 431 1772 585 1856; x_wconf 82' lang='lat' dir='ltr'>legamus.</span> <span class='ocrx_word' id='word_1_126' title='bbox 622 1768 685 1835; x_wconf 87' lang='lat' dir='ltr'><em>Vel</em></span> <span class='ocrx_word' id='word_1_127' title='bbox 704 1770 819 1835; x_wconf 83' lang='lat' dir='ltr'>Tzetza</span> <span class='ocrx_word' id='word_1_128' title='bbox 841 1771 934 1855; x_wconf 79' lang='lat' dir='ltr'>pluro</span> <span class='ocrx_word' id='word_1_129' title='bbox 956 1770 1094 1856; x_wconf 75' lang='lat' dir='ltr'>legebat,</span> <span class='ocrx_word' id='word_1_130' title='bbox 1117 1791 1190 1834; x_wconf 91' lang='lat' dir='ltr'><em>cum</em></span> <span class='ocrx_word' id='word_1_131' title='bbox 1211 1769 1331 1834; x_wconf 84' lang='lat' dir='ltr'>hcbect</span> 
     </span>
     <span class='ocr_line' id='line_1_15' title="bbox 156 1873 1332 1965; baseline 0 -23"><span class='ocrx_word' id='word_1_132' title='bbox 156 1877 234 1942; x_wconf 81' lang='lat' dir='ltr'>hoec</span> <span class='ocrx_word' id='word_1_133' title='bbox 248 1875 292 1965; x_wconf 89' lang='lat' dir='ltr'><em>(p.</em></span> <span class='ocrx_word' id='word_1_134' title='bbox 308 1875 379 1964; x_wconf 83' lang='lat'>90):</span> <span class='ocrx_word' id='word_1_135' title='bbox 399 1878 482 1942; x_wconf 82' lang='grc' dir='ltr'><em>ἀλλά</em></span> <span class='ocrx_word' id='word_1_136' title='bbox 501 1873 583 1961; x_wconf 72' lang='grc' dir='ltr'><em>μηδὲ</em></span> <span class='ocrx_word' id='word_1_137' title='bbox 602 1886 699 1943; x_wconf 88' lang='grc' dir='ltr'><em>τοῦτο</em></span> <span class='ocrx_word' id='word_1_138' title='bbox 723 1877 880 1963; x_wconf 83' lang='grc' dir='ltr'><em>ἐάσωμεν,</em></span> <span class='ocrx_word' id='word_1_139' title='bbox 895 1878 978 1943; x_wconf 79' lang='grc' dir='ltr'><em>ὅθεν</em></span> <span class='ocrx_word' id='word_1_140' title='bbox 992 1875 1141 1962; x_wconf 80' lang='grc' dir='ltr'><em>ὁἙρμης</em></span> <span class='ocrx_word' id='word_1_141' title='bbox 1156 1876 1332 1963; x_wconf 77' lang='grc' dir='ltr'><em>διάκτορος</em></span> 
     </span>
     <span class='ocr_line' id='line_1_16' title="bbox 156 1981 1331 2069; baseline -0.001 -20"><span class='ocrx_word' id='word_1_142' title='bbox 156 1982 211 2049; x_wconf 85' lang='grc' dir='ltr'><em>καὶ</em></span> <span class='ocrx_word' id='word_1_143' title='bbox 236 1981 469 2069; x_wconf 78' lang='grc' dir='ltr'><em>Ἀργειφόντης</em></span> <span class='ocrx_word' id='word_1_144' title='bbox 499 1981 642 2068; x_wconf 91' lang='grc' dir='ltr'><em>λέγεται,</em></span> <span class='ocrx_word' id='word_1_145' title='bbox 669 1985 714 2050; x_wconf 87' lang='grc' dir='ltr'><em>τά</em></span> <span class='ocrx_word' id='word_1_146' title='bbox 740 1986 812 2069; x_wconf 86' lang='grc' dir='ltr'><em>γάρ</em></span> <span class='ocrx_word' id='word_1_147' title='bbox 840 1995 917 2050; x_wconf 82' lang='grc' dir='ltr'><em>τῶν</em></span> <span class='ocrx_word' id='word_1_148' title='bbox 945 1982 1089 2069; x_wconf 83' lang='grc' dir='ltr'><em>ἑτέρων</em></span> <span class='ocrx_word' id='word_1_149' title='bbox 1111 1981 1261 2069; x_wconf 82' lang='grc' dir='ltr'><em>Ἑρμῶν</em></span> <span class='ocrx_word' id='word_1_150' title='bbox 1289 1984 1331 2050; x_wconf 88' lang='grc' dir='ltr'><em>οὐ</em></span> 
     </span>
     <span class='ocr_line' id='line_1_17' title="bbox 157 2087 1331 2176; baseline 0.001 -21"><span class='ocrx_word' id='word_1_151' title='bbox 157 2087 294 2175; x_wconf 77' lang='grc' dir='ltr'><em>φροντίς</em></span> <span class='ocrx_word' id='word_1_152' title='bbox 318 2090 398 2175; x_wconf 78' lang='grc' dir='ltr'><em>ἡμῖν</em></span> <span class='ocrx_word' id='word_1_153' title='bbox 421 2089 538 2173; x_wconf 85' lang='grc' dir='ltr'><em>λέγειν.</em></span> <span class='ocrx_word' id='word_1_154' title='bbox 576 2090 593 2156; x_wconf 92' lang='grc' dir='ltr'>ὁ</span> <span class='ocrx_word' id='word_1_155' title='bbox 618 2087 679 2175; x_wconf 77' lang='grc' dir='ltr'><em>μδυ</em></span> <span class='ocrx_word' id='word_1_156' title='bbox 702 2092 846 2175; x_wconf 78' lang='grc' dir='ltr'><em>μυθικὸς</em></span> <span class='ocrx_word' id='word_1_157' title='bbox 864 2089 985 2175; x_wconf 79' lang='grc' dir='ltr'><em>Ἑρμῆς</em></span> <span class='ocrx_word' id='word_1_158' title='bbox 1009 2089 1181 2176; x_wconf 81' lang='grc' dir='ltr'><em>διάκτορος</em></span> <span class='ocrx_word' id='word_1_159' title='bbox 1199 2088 1331 2173; x_wconf 91' lang='grc' dir='ltr'><em>λέγεται</em></span> 
     </span>
     <span class='ocr_line' id='line_1_18' title="bbox 157 2193 1332 2282; baseline 0.002 -21"><span class='ocrx_word' id='word_1_160' title='bbox 157 2196 192 2262; x_wconf 85' lang='grc' dir='ltr'><em>ἐκ</em></span> <span class='ocrx_word' id='word_1_161' title='bbox 224 2205 284 2262; x_wconf 89' lang='grc' dir='ltr'><em>τοῦ</em></span> <span class='ocrx_word' id='word_1_162' title='bbox 317 2198 505 2282; x_wconf 88' lang='grc' dir='ltr'><em>διακτορεῖν</em></span> <span class='ocrx_word' id='word_1_163' title='bbox 536 2195 591 2262; x_wconf 84' lang='grc' dir='ltr'><em>καὶ</em></span> <span class='ocrx_word' id='word_1_164' title='bbox 624 2197 797 2281; x_wconf 75' lang='grc' dir='ltr'><em>ἀγγέλλειν</em></span> <span class='ocrx_word' id='word_1_165' title='bbox 827 2199 866 2263; x_wconf 87' lang='grc' dir='ltr'><em>τά</em></span> <span class='ocrx_word' id='word_1_166' title='bbox 893 2209 962 2264; x_wconf 83' lang='grc' dir='ltr'><em>τῶν</em></span> <span class='ocrx_word' id='word_1_167' title='bbox 988 2205 1093 2263; x_wconf 83' lang='grc' dir='ltr'><em>θεῶν·</em></span> <span class='ocrx_word' id='word_1_168' title='bbox 1124 2193 1180 2262; x_wconf 84' lang='grc' dir='ltr'><em>καὶ</em></span> <span class='ocrx_word' id='word_1_169' title='bbox 1204 2193 1332 2282; x_wconf 88' lang='grc' dir='ltr'><em>Ἀργει-</em></span> 
     </span>
     <span class='ocr_line' id='line_1_19' title="bbox 157 2301 1332 2390; baseline 0.003 -22"><span class='ocrx_word' id='word_1_170' title='bbox 157 2306 297 2387; x_wconf 90' lang='grc' dir='ltr'><em>φόντης,</em></span> <span class='ocrx_word' id='word_1_171' title='bbox 325 2304 375 2370; x_wconf 83' lang='grc' dir='ltr'><em>ὅτι</em></span> <span class='ocrx_word' id='word_1_172' title='bbox 390 2302 514 2389; x_wconf 77' lang='grc' dir='ltr'><em>’Ἀργον</em></span> <span class='ocrx_word' id='word_1_173' title='bbox 542 2304 653 2371; x_wconf 90' lang='grc' dir='ltr'><em>άνεῖλε</em></span> <span class='ocrx_word' id='word_1_174' title='bbox 680 2306 739 2371; x_wconf 90' lang='grc' dir='ltr'><em>τὸν</em></span> <span class='ocrx_word' id='word_1_175' title='bbox 761 2308 948 2388; x_wconf 86' lang='grc' dir='ltr'><em>πανόπτην,</em></span> <span class='ocrx_word' id='word_1_176' title='bbox 976 2304 1016 2370; x_wconf 88' lang='grc' dir='ltr'><em>ὃν</em></span> <span class='ocrx_word' id='word_1_177' title='bbox 1044 2301 1172 2390; x_wconf 79' lang='grc' dir='ltr'><em>ἡἭρα</em></span> <span class='ocrx_word' id='word_1_178' title='bbox 1195 2306 1332 2389; x_wconf 84' lang='grc' dir='ltr'><em>φύλακοι</em></span> 
     </span>
     <span class='ocr_line' id='line_1_20' title="bbox 156 2407 1332 2497; baseline 0.003 -22"><span class='ocrx_word' id='word_1_179' title='bbox 156 2419 214 2494; x_wconf 79' lang='grc' dir='ltr'><em>της</em></span> <span class='ocrx_word' id='word_1_180' title='bbox 234 2407 317 2488; x_wconf 87' lang='grc' dir='ltr'><em>Ἰοῦς</em></span> <span class='ocrx_word' id='word_1_181' title='bbox 341 2410 495 2495; x_wconf 82' lang='grc' dir='ltr'><em>ἐπέστησε</em></span> <span class='ocrx_word' id='word_1_182' title='bbox 518 2421 577 2495; x_wconf 79' lang='grc' dir='ltr'><em>τῆς</em></span> <span class='ocrx_word' id='word_1_183' title='bbox 597 2409 725 2496; x_wconf 83' lang='grc' dir='ltr'><em>Ἰνάχου</em></span> <span class='ocrx_word' id='word_1_184' title='bbox 748 2414 874 2489; x_wconf 90' lang='grc' dir='ltr'><em>παιδός.</em></span> <span class='ocrx_word' id='word_1_185' title='bbox 911 2412 929 2478; x_wconf 90' lang='grc' dir='ltr'>ὁ</span> <span class='ocrx_word' id='word_1_186' title='bbox 952 2409 987 2476; x_wconf 72' lang='grc' dir='ltr'><em>δὲ</em></span> <span class='ocrx_word' id='word_1_187' title='bbox 1006 2413 1211 2497; x_wconf 88' lang='grc' dir='ltr'><em>προφορικὸς</em></span> <span class='ocrx_word' id='word_1_188' title='bbox 1230 2414 1332 2495; x_wconf 90' lang='grc' dir='ltr'><em>λόγος</em></span> 
     </span>
     <span class='ocr_line' id='line_1_21' title="bbox 151 2514 1330 2604; baseline 0.003 -23"><span class='ocrx_word' id='word_1_189' title='bbox 151 2514 271 2603; x_wconf 82' lang='grc' dir='ltr'><em>Ἑρμῆς</em></span> <span class='ocrx_word' id='word_1_190' title='bbox 299 2516 427 2600; x_wconf 88' lang='grc' dir='ltr'><em>λέγεται</em></span> <span class='ocrx_word' id='word_1_191' title='bbox 450 2519 539 2603; x_wconf 84' lang='grc' dir='ltr'><em>παρὰ</em></span> <span class='ocrx_word' id='word_1_192' title='bbox 562 2518 598 2582; x_wconf 91' lang='grc' dir='ltr'><em>τὸ</em></span> <span class='ocrx_word' id='word_1_193' title='bbox 623 2516 855 2603; x_wconf 85' lang='grc' dir='ltr'><em>ἕρμηνευτικὸς</em></span> <span class='ocrx_word' id='word_1_194' title='bbox 882 2514 1044 2584; x_wconf 82' lang='grc' dir='ltr'><em>εἶναικαὶ</em></span> <span class='ocrx_word' id='word_1_195' title='bbox 1068 2519 1252 2604; x_wconf 85' lang='grc' dir='ltr'><em>διάκτορος,</em></span> <span class='ocrx_word' id='word_1_196' title='bbox 1276 2519 1330 2585; x_wconf 83' lang='grc' dir='ltr'><em>ὅτι</em></span> 
     </span>
     <span class='ocr_line' id='line_1_22' title="bbox 155 2622 1329 2710; baseline 0.004 -23"><span class='ocrx_word' id='word_1_197' title='bbox 155 2622 389 2707; x_wconf 80' lang='grc' dir='ltr'><em>ἐξηγεῖταικαὶ</em></span> <span class='ocrx_word' id='word_1_198' title='bbox 409 2623 595 2707; x_wconf 84' lang='grc' dir='ltr'><em>διαγγέλλει</em></span> <span class='ocrx_word' id='word_1_199' title='bbox 614 2625 653 2688; x_wconf 85' lang='grc' dir='ltr'><em>τά</em></span> <span class='ocrx_word' id='word_1_200' title='bbox 671 2634 730 2709; x_wconf 75' lang='grc' dir='ltr'><em>τῆς</em></span> <span class='ocrx_word' id='word_1_201' title='bbox 747 2633 855 2709; x_wconf 79' lang='grc' dir='ltr'><em>ψυχῆς</em></span> <span class='ocrx_word' id='word_1_202' title='bbox 873 2623 928 2689; x_wconf 83' lang='grc' dir='ltr'><em>καλ</em></span> <span class='ocrx_word' id='word_1_203' title='bbox 946 2634 1006 2690; x_wconf 87' lang='grc' dir='ltr'><em>τοῦ</em></span> <span class='ocrx_word' id='word_1_204' title='bbox 1020 2634 1082 2689; x_wconf 90' lang='grc' dir='ltr'><em>νοῦ</em></span> <span class='ocrx_word' id='word_1_205' title='bbox 1100 2624 1329 2710; x_wconf 77' lang='grc' dir='ltr'><em>ἐνθυμήματα.</em></span> 
     </span>
     <span class='ocr_line' id='line_1_23' title="bbox 151 2723 1330 2818; baseline 0.002 -22"><span class='ocrx_word' id='word_1_206' title='bbox 151 2723 384 2817; x_wconf 81' lang='grc' dir='ltr'><em>Ἀργειφόντης</em></span> <span class='ocrx_word' id='word_1_207' title='bbox 407 2727 448 2795; x_wconf 68' lang='lat' dir='ltr'><em>ot</em></span> <span class='ocrx_word' id='word_1_208' title='bbox 477 2730 526 2808; x_wconf 83' lang='grc' dir='ltr'><em>ὡς</em></span> <span class='ocrx_word' id='word_1_209' title='bbox 553 2728 672 2816; x_wconf 85' lang='grc' dir='ltr'><em>άργδς</em></span> <span class='ocrx_word' id='word_1_210' title='bbox 694 2729 760 2796; x_wconf 83' lang='grc' dir='ltr'><em>καὶ</em></span> <span class='ocrx_word' id='word_1_211' title='bbox 782 2734 960 2818; x_wconf 80' lang='grc' dir='ltr'><em>καθαρὸς</em></span> <span class='ocrx_word' id='word_1_212' title='bbox 983 2734 1109 2816; x_wconf 91' lang='grc' dir='ltr'><em>φόνου</em></span> <span class='ocrx_word' id='word_1_213' title='bbox 1134 2729 1232 2818; x_wconf 77' lang='lat' dir='ltr'>(leget</span> <span class='ocrx_word' id='word_1_214' title='bbox 1257 2736 1330 2816; x_wconf 90' lang='grc' dir='ltr'><em>φό-</em></span> 
     </span>
     <span class='ocr_line' id='line_1_24' title="bbox 154 2833 1330 2924; baseline 0.002 -22"><span class='ocrx_word' id='word_1_215' title='bbox 154 2833 261 2922; x_wconf 84' lang='grc' dir='ltr'><em>νων)·</em></span> <span class='ocrx_word' id='word_1_216' title='bbox 293 2838 443 2902; x_wconf 84' lang='grc' dir='ltr'><em>παιδεύει</em></span> <span class='ocrx_word' id='word_1_217' title='bbox 467 2838 529 2921; x_wconf 86' lang='grc' dir='ltr'><em>γάρ</em></span> <span class='ocrx_word' id='word_1_218' title='bbox 553 2834 608 2901; x_wconf 82' lang='grc' dir='ltr'><em>καὶ</em></span> <span class='ocrx_word' id='word_1_219' title='bbox 632 2837 784 2922; x_wconf 81' lang='grc' dir='ltr'><em>ῥυθμίζει</em></span> <span class='ocrx_word' id='word_1_220' title='bbox 807 2836 861 2904; x_wconf 81' lang='grc' dir='ltr'><em>καί</em></span> <span class='ocrx_word' id='word_1_221' title='bbox 884 2837 1024 2923; x_wconf 86' lang='grc' dir='ltr'><em>πραύνει</em></span> <span class='ocrx_word' id='word_1_222' title='bbox 1047 2840 1085 2904; x_wconf 92' lang='grc' dir='ltr'><em>τὸ</em></span> <span class='ocrx_word' id='word_1_223' title='bbox 1103 2840 1251 2922; x_wconf 83' lang='grc' dir='ltr'><em>θυμικὸν</em></span> <span class='ocrx_word' id='word_1_224' title='bbox 1268 2849 1330 2924; x_wconf 81' lang='grc' dir='ltr'><em>τῆς</em></span> 
     </span>
     <span class='ocr_line' id='line_1_25' title="bbox 154 2943 1328 3030; baseline 0.002 -22"><span class='ocrx_word' id='word_1_225' title='bbox 154 2953 275 3028; x_wconf 77' lang='grc' dir='ltr'><em>ψυχῆς·</em></span> <span class='ocrx_word' id='word_1_226' title='bbox 308 2943 403 3026; x_wconf 67' lang='lat' dir='ltr'>iiiito</span> <span class='ocrx_word' id='word_1_227' title='bbox 426 2945 484 3009; x_wconf 89' lang='grc' dir='ltr'><em>τὸν</em></span> <span class='ocrx_word' id='word_1_228' title='bbox 498 2943 622 3027; x_wconf 81' lang='grc' dir='ltr'><em>’Ἁργου</em></span> <span class='ocrx_word' id='word_1_229' title='bbox 644 2945 729 3009; x_wconf 88' lang='grc' dir='ltr'><em>κύνα</em></span> <span class='ocrx_word' id='word_1_230' title='bbox 753 2944 898 3029; x_wconf 85' lang='grc' dir='ltr'><em>ἀναιρεῖ,</em></span> <span class='ocrx_word' id='word_1_231' title='bbox 930 2943 1079 3011; x_wconf 82' lang='grc' dir='ltr'><em>τουτέστι</em></span> <span class='ocrx_word' id='word_1_232' title='bbox 1106 2947 1146 3010; x_wconf 86' lang='grc' dir='ltr'><em>τὰ</em></span> <span class='ocrx_word' id='word_1_233' title='bbox 1171 2947 1328 3030; x_wconf 84' lang='grc' dir='ltr'><em>λυσσώδη</em></span> 
     </span>
     <span class='ocr_line' id='line_1_26' title="bbox 153 3046 1328 3137; baseline 0.003 -23"><span class='ocrx_word' id='word_1_234' title='bbox 153 3046 208 3114; x_wconf 83' lang='grc' dir='ltr'><em>καλ</em></span> <span class='ocrx_word' id='word_1_235' title='bbox 241 3050 362 3114; x_wconf 78' lang='grc' dir='ltr'><em>ἄτακτα</em></span> <span class='ocrx_word' id='word_1_236' title='bbox 395 3049 619 3135; x_wconf 75' lang='grc' dir='ltr'><em>ἐνθυμήματα.</em></span> <span class='ocrx_word' id='word_1_237' title='bbox 664 3049 781 3116; x_wconf 83' lang='lat' dir='ltr'>Pmcul</span> <span class='ocrx_word' id='word_1_238' title='bbox 808 3051 906 3116; x_wconf 90' lang='lat' dir='ltr'>dubio</span> <span class='ocrx_word' id='word_1_239' title='bbox 934 3051 1049 3116; x_wconf 78' lang='lat' dir='ltr'>Tzetza</span> <span class='ocrx_word' id='word_1_240' title='bbox 1075 3052 1193 3117; x_wconf 81' lang='lat' dir='ltr'>veteris</span> <span class='ocrx_word' id='word_1_241' title='bbox 1221 3073 1328 3137; x_wconf 77' lang='lat' dir='ltr'>gram·</span> 
     </span>
     <span class='ocr_line' id='line_1_27' title="bbox 152 3155 1328 3244; baseline 0.004 -25"><span class='ocrx_word' id='word_1_242' title='bbox 152 3155 262 3220; x_wconf 83' lang='lat' dir='ltr'>mctici</span> <span class='ocrx_word' id='word_1_243' title='bbox 289 3155 425 3220; x_wconf 86' lang='lat' dir='ltr'>scholiis</span> <span class='ocrx_word' id='word_1_244' title='bbox 457 3157 631 3221; x_wconf 91' lang='lat' dir='ltr'>immiscuit</span> <span class='ocrx_word' id='word_1_245' title='bbox 663 3157 887 3243; x_wconf 82' lang='lat' dir='ltr'>philosophico</span> <span class='ocrx_word' id='word_1_246' title='bbox 919 3159 1090 3243; x_wconf 84' lang='lat' dir='ltr'>quaedam,</span> <span class='ocrx_word' id='word_1_247' title='bbox 1127 3180 1208 3242; x_wconf 80' lang='lat' dir='ltr'>quse</span> <span class='ocrx_word' id='word_1_248' title='bbox 1240 3161 1328 3244; x_wconf 82' lang='lat' dir='ltr'>apud</span> 
     </span>
     <span class='ocr_line' id='line_1_28' title="bbox 152 3261 1327 3351; baseline 0.005 -26"><span class='ocrx_word' id='word_1_249' title='bbox 152 3261 302 3325; x_wconf 88' lang='lat' dir='ltr'>Proclum</span> <span class='ocrx_word' id='word_1_250' title='bbox 323 3262 477 3327; x_wconf 91' lang='lat' dir='ltr'>nimirum</span> <span class='ocrx_word' id='word_1_251' title='bbox 499 3264 664 3329; x_wconf 81' lang='lat' dir='ltr'>invenerat</span> <span class='ocrx_word' id='word_1_252' title='bbox 688 3261 805 3351; x_wconf 86' lang='lat' dir='ltr'>(ipsius</span> <span class='ocrx_word' id='word_1_253' title='bbox 824 3269 931 3329; x_wconf 85' lang='lat' dir='ltr'>autem</span> <span class='ocrx_word' id='word_1_254' title='bbox 950 3264 1056 3330; x_wconf 85' lang='lat' dir='ltr'>Procli</span> <span class='ocrx_word' id='word_1_255' title='bbox 1074 3265 1172 3330; x_wconf 82' lang='lat' dir='ltr'>verbs</span> <span class='ocrx_word' id='word_1_256' title='bbox 1190 3288 1327 3350; x_wconf 85' lang='lat' dir='ltr'>prorsus</span> 
     </span>
     <span class='ocr_line' id='line_1_29' title="bbox 151 3366 1327 3457; baseline 0.004 -26"><span class='ocrx_word' id='word_1_257' title='bbox 151 3389 238 3432; x_wconf 90' lang='lat' dir='ltr'>nunc</span> <span class='ocrx_word' id='word_1_258' title='bbox 260 3371 336 3432; x_wconf 90' lang='lat' dir='ltr'>sunt</span> <span class='ocrx_word' id='word_1_259' title='bbox 358 3366 560 3456; x_wconf 84' lang='lat' dir='ltr'>intercepta),</span> <span class='ocrx_word' id='word_1_260' title='bbox 583 3370 712 3434; x_wconf 84' lang='lat' dir='ltr'>sedvel</span> <span class='ocrx_word' id='word_1_261' title='bbox 734 3371 819 3435; x_wconf 90' lang='lat' dir='ltr'>inter</span> <span class='ocrx_word' id='word_1_262' title='bbox 841 3369 920 3435; x_wconf 79' lang='lat' dir='ltr'>haec</span> <span class='ocrx_word' id='word_1_263' title='bbox 942 3391 1095 3455; x_wconf 79' lang='lat' dir='ltr'>agnosces</span> <span class='ocrx_word' id='word_1_264' title='bbox 1116 3371 1219 3457; x_wconf 79' lang='lat' dir='ltr'>plura,</span> <span class='ocrx_word' id='word_1_265' title='bbox 1243 3394 1327 3456; x_wconf 82' lang='lat' dir='ltr'>quse</span> 
     </span>
     <span class='ocr_line' id='line_1_30' title="bbox 153 3475 1325 3562; baseline 0.005 -24"><span class='ocrx_word' id='word_1_266' title='bbox 153 3478 229 3538; x_wconf 93' lang='lat' dir='ltr'>sunt</span> <span class='ocrx_word' id='word_1_267' title='bbox 256 3475 344 3538; x_wconf 86' lang='lat' dir='ltr'>illius</span> <span class='ocrx_word' id='word_1_268' title='bbox 371 3475 564 3559; x_wconf 85' lang='lat' dir='ltr'>interpretis.</span> <span class='ocrx_word' id='word_1_269' title='bbox 612 3476 673 3542; x_wconf 83' lang='lat' dir='ltr'><em>Sed</em></span> <span class='ocrx_word' id='word_1_270' title='bbox 700 3476 752 3541; x_wconf 90' lang='lat' dir='ltr'><em>vel</em></span> <span class='ocrx_word' id='word_1_271' title='bbox 773 3478 868 3562; x_wconf 84' lang='lat' dir='ltr'>pluro</span> <span class='ocrx_word' id='word_1_272' title='bbox 889 3476 1051 3542; x_wconf 81' lang='lat' dir='ltr'>lucremur</span> <span class='ocrx_word' id='word_1_273' title='bbox 1074 3499 1112 3541; x_wconf 86' lang='lat' dir='ltr'><em>cx</em></span> <span class='ocrx_word' id='word_1_274' title='bbox 1135 3477 1325 3544; x_wconf 89' lang='lat' dir='ltr'>testimonio</span> 
     </span>
     <span class='ocr_line' id='line_1_31' title="bbox 153 3578 1325 3672; baseline 0.005 -27"><span class='ocrx_word' id='word_1_275' title='bbox 153 3578 291 3646; x_wconf 83' lang='lat' dir='ltr'>Gudiani</span> <span class='ocrx_word' id='word_1_276' title='bbox 322 3581 542 3667; x_wconf 83' lang='lat' dir='ltr'>Etymologioi</span> <span class='ocrx_word' id='word_1_277' title='bbox 576 3581 619 3671; x_wconf 86' lang='lat' dir='ltr'><em>(p.</em></span> <span class='ocrx_word' id='word_1_278' title='bbox 650 3585 705 3670; x_wconf 81' lang='lat'><em>71,</em></span> <span class='ocrx_word' id='word_1_279' title='bbox 727 3582 800 3672; x_wconf 83' lang='lat'>40):</span> <span class='ocrx_word' id='word_1_280' title='bbox 835 3582 1124 3669; x_wconf 88' lang='grc' dir='ltr'><em>Ἀργειφόντης·</em></span> <span class='ocrx_word' id='word_1_281' title='bbox 1160 3586 1250 3671; x_wconf 81' lang='grc' dir='ltr'><em>παρὰ</em></span> <span class='ocrx_word' id='word_1_282' title='bbox 1285 3588 1325 3651; x_wconf 89' lang='grc' dir='ltr'><em>τὸ</em></span> 
     </span>
     <span class='ocr_line' id='line_1_32' title="bbox 152 3686 1324 3776; baseline 0.005 -25"><span class='ocrx_word' id='word_1_283' title='bbox 152 3687 306 3773; x_wconf 85' lang='grc' dir='ltr'><em>έναργεῖν</em></span> <span class='ocrx_word' id='word_1_284' title='bbox 328 3689 386 3765; x_wconf 86' lang='grc' dir='ltr'><em>τὰς</em></span> <span class='ocrx_word' id='word_1_285' title='bbox 405 3693 588 3773; x_wconf 81' lang='grc' dir='ltr'><em>φαντασίας</em></span> <span class='ocrx_word' id='word_1_286' title='bbox 606 3703 729 3757; x_wconf 83' lang='grc' dir='ltr'><em>ποιεῖν·</em></span> <span class='ocrx_word' id='word_1_287' title='bbox 753 3691 876 3767; x_wconf 80' lang='grc' dir='ltr'><em>οὕτως</em></span> <span class='ocrx_word' id='word_1_288' title='bbox 899 3686 1016 3776; x_wconf 83' lang='grc' dir='ltr'><em>εὗρον</em></span> <span class='ocrx_word' id='word_1_289' title='bbox 1040 3690 1081 3757; x_wconf 82' lang='grc' dir='ltr'><em>ἐν</em></span> <span class='ocrx_word' id='word_1_290' title='bbox 1103 3692 1324 3775; x_wconf 79' lang='grc' dir='ltr'><em>ὑπομνήσει</em></span> 
     </span>
     <span class='ocr_line' id='line_1_33' title="bbox 150 3792 1323 3884; baseline 0.004 -26"><span class='ocrx_word' id='word_1_291' title='bbox 150 3803 220 3859; x_wconf 90' lang='grc' dir='ltr'><em>τοῦ</em></span> <span class='ocrx_word' id='word_1_292' title='bbox 240 3792 436 3861; x_wconf 90' lang='grc' dir='ltr'><em>Ἡσιόδου.</em></span> <span class='ocrx_word' id='word_1_293' title='bbox 473 3797 509 3862; x_wconf 88' lang='grc' dir='ltr'><em>οί</em></span> <span class='ocrx_word' id='word_1_294' title='bbox 530 3793 566 3861; x_wconf 77' lang='grc' dir='ltr'><em>δδ</em></span> <span class='ocrx_word' id='word_1_295' title='bbox 590 3797 645 3861; x_wconf 89' lang='grc' dir='ltr'><em>διά</em></span> <span class='ocrx_word' id='word_1_296' title='bbox 668 3807 728 3862; x_wconf 85' lang='grc' dir='ltr'><em>τοῦ</em></span> <span class='ocrx_word' id='word_1_297' title='bbox 753 3810 766 3860; x_wconf 88' lang='grc' dir='ltr'><em>ῖ</em></span> <span class='ocrx_word' id='word_1_298' title='bbox 787 3796 972 3881; x_wconf 76' lang='grc' dir='ltr'><em>γράφοντες</em></span> <span class='ocrx_word' id='word_1_299' title='bbox 996 3814 1077 3882; x_wconf 91' lang='grc' dir='ltr'><em>φασι</em></span> <span class='ocrx_word' id='word_1_300' title='bbox 1100 3798 1189 3882; x_wconf 86' lang='grc' dir='ltr'><em>παρά</em></span> <span class='ocrx_word' id='word_1_301' title='bbox 1209 3800 1247 3864; x_wconf 85' lang='grc' dir='ltr'><em>τὸ</em></span> <span class='ocrx_word' id='word_1_302' title='bbox 1266 3801 1323 3884; x_wconf 85' lang='grc' dir='ltr'><em>άρι</em></span> 
     </span>
     <span class='ocr_line' id='line_1_34' title="bbox 150 3899 1323 3990; baseline 0.004 -25"><span class='ocrx_word' id='word_1_303' title='bbox 150 3901 188 3965; x_wconf 91' lang='grc' dir='ltr'><em>τὸ</em></span> <span class='ocrx_word' id='word_1_304' title='bbox 218 3899 405 3967; x_wconf 82' lang='grc' dir='ltr'><em>ἐπιτατικὸυ</em></span> <span class='ocrx_word' id='word_1_305' title='bbox 432 3906 566 3989; x_wconf 89' lang='grc' dir='ltr'><em>μόριον,</em></span> <span class='ocrx_word' id='word_1_306' title='bbox 593 3905 638 3980; x_wconf 83' lang='grc' dir='ltr'><em>ὡς</em></span> <span class='ocrx_word' id='word_1_307' title='bbox 664 3904 817 3990; x_wconf 80' lang='grc' dir='ltr'><em>ἀρίζηλος</em></span> <span class='ocrx_word' id='word_1_308' title='bbox 839 3903 998 3988; x_wconf 90' lang='grc' dir='ltr'><em>άρίδηλος</em></span> <span class='ocrx_word' id='word_1_309' title='bbox 1021 3903 1203 3989; x_wconf 89' lang='grc' dir='ltr'><em>άριφόντης</em></span> <span class='ocrx_word' id='word_1_310' title='bbox 1226 3905 1244 3971; x_wconf 89' lang='grc' dir='ltr'><em>δ</em></span> <span class='ocrx_word' id='word_1_311' title='bbox 1268 3929 1323 3990; x_wconf 91' lang='grc' dir='ltr'><em>με-</em></span> 
     </span>
     <span class='ocr_line' id='line_1_35' title="bbox 150 4007 1320 4097; baseline 0.005 -26"><span class='ocrx_word' id='word_1_312' title='bbox 150 4007 235 4089; x_wconf 90' lang='grc' dir='ltr'><em>γάλα</em></span> <span class='ocrx_word' id='word_1_313' title='bbox 263 4013 507 4094; x_wconf 81' lang='grc' dir='ltr'><em>φανταζόμενος</em></span> <span class='ocrx_word' id='word_1_314' title='bbox 535 4011 591 4074; x_wconf 84' lang='grc' dir='ltr'><em>διά</em></span> <span class='ocrx_word' id='word_1_315' title='bbox 618 4014 696 4087; x_wconf 88' lang='grc' dir='ltr'><em>τοὺς</em></span> <span class='ocrx_word' id='word_1_316' title='bbox 719 4010 884 4096; x_wconf 86' lang='grc' dir='ltr'><em>ὀνείρους,</em></span> <span class='ocrx_word' id='word_1_317' title='bbox 907 4009 962 4075; x_wconf 81' lang='grc' dir='ltr'><em>καὶ</em></span> <span class='ocrx_word' id='word_1_318' title='bbox 985 4016 1180 4097; x_wconf 78' lang='grc' dir='ltr'><em>πλεονασμῷ</em></span> <span class='ocrx_word' id='word_1_319' title='bbox 1203 4021 1263 4077; x_wconf 87' lang='grc' dir='ltr'><em>τοῦ</em></span> <span class='ocrx_word' id='word_1_320' title='bbox 1287 4016 1320 4097; x_wconf 81' lang='grc' dir='ltr'><em>γ’</em></span> 
     </span>
     <span class='ocr_line' id='line_1_36' title="bbox 150 4112 1320 4205; baseline 0.006 -28"><span class='ocrx_word' id='word_1_321' title='bbox 150 4112 170 4196; x_wconf 78' lang='grc' dir='ltr'>ἢ</span> <span class='ocrx_word' id='word_1_322' title='bbox 202 4115 291 4200; x_wconf 82' lang='grc' dir='ltr'><em>παρὰ</em></span> <span class='ocrx_word' id='word_1_323' title='bbox 317 4119 354 4181; x_wconf 91' lang='grc' dir='ltr'><em>τὸ</em></span> <span class='ocrx_word' id='word_1_324' title='bbox 383 4117 487 4201; x_wconf 82' lang='grc' dir='ltr'><em>ἀργὸν</em></span> <span class='ocrx_word' id='word_1_325' title='bbox 514 4118 550 4182; x_wconf 93' lang='grc' dir='ltr'><em>τὸ</em></span> <span class='ocrx_word' id='word_1_326' title='bbox 579 4118 699 4182; x_wconf 88' lang='grc' dir='ltr'><em>λευκὸν</em></span> <span class='ocrx_word' id='word_1_327' title='bbox 726 4116 935 4201; x_wconf 87' lang='grc' dir='ltr'><em>άργοφόντης</em></span> <span class='ocrx_word' id='word_1_328' title='bbox 962 4143 1012 4194; x_wconf 90' lang='grc' dir='ltr'><em>τις</em></span> <span class='ocrx_word' id='word_1_329' title='bbox 1040 4119 1102 4201; x_wconf 74' lang='lat' dir='ltr'><em>tv,</em></span> <span class='ocrx_word' id='word_1_330' title='bbox 1133 4116 1188 4183; x_wconf 83' lang='grc' dir='ltr'><em>καὶ</em></span> <span class='ocrx_word' id='word_1_331' title='bbox 1216 4129 1320 4205; x_wconf 81' lang='grc' dir='ltr'><em>τροπῇ</em></span> 
     </span>
     <span class='ocr_line' id='line_1_37' title="bbox 149 4222 1321 4309; baseline 0.004 -23"><span class='ocrx_word' id='word_1_332' title='bbox 149 4230 251 4286; x_wconf 78' lang='grc' dir='ltr'><em>τοῦδ</em></span> <span class='ocrx_word' id='word_1_333' title='bbox 279 4224 327 4298; x_wconf 90' lang='grc' dir='ltr'><em>είς</em></span> <span class='ocrx_word' id='word_1_334' title='bbox 352 4236 365 4286; x_wconf 87' lang='grc' dir='ltr'><em>ῑ</em></span> <span class='ocrx_word' id='word_1_335' title='bbox 392 4223 604 4308; x_wconf 87' lang='grc' dir='ltr'><em>άργιφόντης.</em></span> <span class='ocrx_word' id='word_1_336' title='bbox 651 4223 696 4299; x_wconf 86' lang='grc' dir='ltr'><em>ὡς</em></span> <span class='ocrx_word' id='word_1_337' title='bbox 722 4222 900 4308; x_wconf 87' lang='grc' dir='ltr'><em>άργίποδες</em></span> <span class='ocrx_word' id='word_1_338' title='bbox 926 4226 1033 4301; x_wconf 88' lang='grc' dir='ltr'><em>κύνες.</em></span> <span class='ocrx_word' id='word_1_339' title='bbox 1079 4225 1183 4309; x_wconf 79' lang='grc' dir='ltr'><em>δῆλον</em></span> <span class='ocrx_word' id='word_1_340' title='bbox 1211 4222 1249 4291; x_wconf 71' lang='grc' dir='ltr'><em>δὲ</em></span> <span class='ocrx_word' id='word_1_341' title='bbox 1276 4226 1321 4302; x_wconf 82' lang='grc' dir='ltr'><em>ὡς</em></span> 
     </span>
     <span class='ocr_line' id='line_1_38' title="bbox 150 4327 1318 4414; baseline 0.004 -20"><span class='ocrx_word' id='word_1_342' title='bbox 150 4334 275 4412; x_wconf 76' lang='grc' dir='ltr'><em>εἴρηται</em></span> <span class='ocrx_word' id='word_1_343' title='bbox 307 4330 345 4394; x_wconf 91' lang='grc' dir='ltr'><em>τὸ</em></span> <span class='ocrx_word' id='word_1_344' title='bbox 378 4329 482 4414; x_wconf 82' lang='grc' dir='ltr'><em>ἀργὸν</em></span> <span class='ocrx_word' id='word_1_345' title='bbox 513 4327 568 4394; x_wconf 83' lang='grc' dir='ltr'><em>καὶ</em></span> <span class='ocrx_word' id='word_1_346' title='bbox 602 4328 655 4395; x_wconf 82' lang='grc' dir='ltr'><em>ἐπὶ</em></span> <span class='ocrx_word' id='word_1_347' title='bbox 686 4338 747 4394; x_wconf 86' lang='grc' dir='ltr'><em>τού</em></span> <span class='ocrx_word' id='word_1_348' title='bbox 778 4328 902 4414; x_wconf 85' lang='grc' dir='ltr'><em>ταχέως</em></span> <span class='ocrx_word' id='word_1_349' title='bbox 933 4328 988 4396; x_wconf 83' lang='grc' dir='ltr'><em>καὶ</em></span> <span class='ocrx_word' id='word_1_350' title='bbox 1017 4328 1070 4396; x_wconf 81' lang='grc' dir='ltr'><em>ἐπὶ</em></span> <span class='ocrx_word' id='word_1_351' title='bbox 1097 4341 1158 4396; x_wconf 83' lang='grc' dir='ltr'><em>τοῦ</em></span> <span class='ocrx_word' id='word_1_352' title='bbox 1186 4336 1318 4399; x_wconf 75' lang='grc' dir='ltr'><em>λευκού</em></span> 
     </span>
     <span class='ocr_line' id='line_1_39' title="bbox 148 4430 1319 4525; baseline 0.003 -24"><span class='ocrx_word' id='word_1_353' title='bbox 148 4445 213 4502; x_wconf 86' lang='grc' dir='ltr'><em>νῦν</em></span> <span class='ocrx_word' id='word_1_354' title='bbox 236 4430 298 4502; x_wconf 86' lang='grc' dir='ltr'><em>οὖν</em></span> <span class='ocrx_word' id='word_1_355' title='bbox 319 4432 372 4500; x_wconf 81' lang='grc' dir='ltr'><em>ἐπὶ</em></span> <span class='ocrx_word' id='word_1_356' title='bbox 390 4445 451 4500; x_wconf 85' lang='grc' dir='ltr'><em>τοῦ</em></span> <span class='ocrx_word' id='word_1_357' title='bbox 470 4441 591 4501; x_wconf 85' lang='grc' dir='ltr'><em>λευκοῦ</em></span> <span class='ocrx_word' id='word_1_358' title='bbox 609 4448 724 4520; x_wconf 91' lang='grc' dir='ltr'><em>κεῖται,</em></span> <span class='ocrx_word' id='word_1_359' title='bbox 743 4433 788 4502; x_wconf 79' lang='grc' dir='ltr'><em>ἵν’</em></span> <span class='ocrx_word' id='word_1_360' title='bbox 811 4432 831 4525; x_wconf 81' lang='grc' dir='ltr'><strong><em>ἦ</em></strong></span> <span class='ocrx_word' id='word_1_361' title='bbox 851 4435 903 4502; x_wconf 83' lang='grc' dir='ltr'><em>ἐπὶ</em></span> <span class='ocrx_word' id='word_1_362' title='bbox 922 4447 982 4503; x_wconf 86' lang='grc' dir='ltr'><em>τού</em></span> <span class='ocrx_word' id='word_1_363' title='bbox 1001 4437 1151 4525; x_wconf 72' lang='grc' dir='ltr'><em>ἐναργεῖς</em></span> <span class='ocrx_word' id='word_1_364' title='bbox 1168 4439 1319 4506; x_wconf 78' lang='grc' dir='ltr'><em>τουτέστι</em></span> 
     </span>
    </p>
   </div>
   <div class='ocr_carea' id='block_1_3' title="bbox 0 0 1490 4980">
    <p class='ocr_par' dir='ltr' id='par_1_3' title="bbox 0 0 1490 4980">
     <span class='ocr_line' id='line_1_40' title="bbox 0 0 1490 4980; baseline 0 4"><span class='ocrx_word' id='word_1_365' title='bbox 0 0 1490 4980; x_wconf 95' lang='lat' dir='ltr'><em> </em></span> 
     </span>
    </p>
   </div>
  </div>
 </body>
</html>
