2970 4980
327 304 479 360 Aristonici
497 307 561 374 περὶ
579 303 699 376 σημείων
717 313 766 361 τοῦ
781 303 912 363 Ἡσιόδου
930 307 1097 378 fragmenta.
1231 310 1292 374 131
1336 343 1340 350 ·

121 465 302 532 Aristarchi
335 469 464 554 signum
496 473 565 533 erat
598 474 629 534 et
660 474 830 555 propterea
862 470 1020 536 scholium
1050 470 1227 537 Aristonici
1254 474 1294 538 ad

122 597 150 638 v.
172 575 235 639 106
258 580 391 660 propter
418 576 610 641 vocabulum
640 576 841 663 ἐκαορυφόω,
864 578 898 642 id
922 578 997 662 quid
1021 579 1147 643 videtur
1169 580 1254 644 effici
1276 603 1294 645 e

123 682 245 748 scholio
269 680 485 748 Choerobosci
508 707 538 768 p.
560 685 623 749 106
629 737 638 770 ,
656 684 708 748 25.
754 683 839 749 Nam
861 685 923 750 hoc
946 685 1137 750 vocabulum
1159 708 1226 751 non
1247 689 1294 752 in·

121 790 249 855 venitur
272 791 307 854 in
325 790 459 855 Homeri
482 791 688 877 carminibus,
710 791 845 876 simplex
869 791 1002 856 verbum
1021 796 1177 877 κορυφόω
1197 793 1295 858 semel

121 900 219 980 atque
242 896 305 960 alio
330 918 423 960 sensu
447 901 634 980 usurpatum
659 902 693 961 Δ
710 897 775 961 246
800 896 852 983 (cf.
876 897 1294 986 Etym.(}ud.p.339,193

123 1001 158 1068 G.
188 1001 333 1087 Curtius,
361 1003 416 1068 das
439 1002 598 1088 Verbum,
624 1001 641 1066 I
664 1027 693 1087 p.
714 1000 803 1092 351).
853 1003 968 1088 laque
997 1006 1065 1089 ipse
1092 1005 1294 1073 Aristonicus

122 1109 277 1175 hocloco
301 1110 339 1173 de
363 1109 598 1195 significatione
622 1110 855 1194 quodammodo
879 1110 1052 1196 dubitavit,
1080 1135 1176 1197 quam
1205 1114 1294 1179 dubi-

121 1217 278 1282 tationem
306 1216 478 1300 explicavit
501 1217 618 1281 eisdem
641 1217 707 1281 fere
734 1217 839 1281 verbis
863 1240 881 1281 a
906 1216 1127 1284 Ghoerobosco
1151 1222 1295 1306 servatis,

123 1323 240 1408 quibus
275 1345 353 1388 usus
390 1327 453 1408 est,
490 1323 546 1387 ubi
579 1323 739 1388 dubitavit
771 1324 809 1388 de
842 1323 924 1408 ἐαήυ
955 1348 992 1390 κε
1024 1325 1115 1410 κάμω
1148 1331 1180 1391 11
1212 1326 1294 1410 ἐπήν

121 1431 249 1516 aradam
274 1438 306 1496 A
326 1430 403 1517 1683
431 1429 488 1494 ubi
516 1429 554 1494 cf.
579 1429 708 1495 scholia.
733 1467 775 1476 —
798 1430 931 1515 Excipit
959 1431 1021 1496 hoc
1043 1432 1200 1497 scholium
1222 1433 1294 1498 Ari-

121 1537 237 1604 stonici
265 1537 347 1602 illud
375 1538 414 1601 ad
442 1560 470 1600 v.
497 1537 559 1601 118
588 1536 622 1600 in
650 1536 772 1602 scholio
800 1535 1016 1603 Choerobosci
1044 1561 1074 1622 p.
1097 1539 1159 1603 118
1166 1591 1175 1625 ,
1196 1539 1295 1626 5-6,

122 1647 208 1730 quod
239 1646 388 1710 firmatur
419 1644 484 1709 illis
516 1644 622 1708 verbis
655 1643 691 1711 ἐκ
722 1647 943 1730 παραλλήλου.
996 1643 1115 1710 Contra
1147 1668 1228 1730 quae
1256 1646 1294 1710 (11

121 1859 226 1944 gitur,
257 1881 324 1924 non
357 1857 453 1923 modo
483 1880 549 1923 non
575 1861 651 1922 sunt
677 1856 869 1943 Aristonici,
902 1859 981 1943 quin
1008 1859 1105 1923 etiam
1138 1859 1295 1923 abiudica-

120 1966 222 2031 verim
246 1987 282 2030 ea
300 1963 535 2030 Choerobosco.
581 1963 705 2029 Neuter
728 1965 812 2029 enim
835 1969 902 2029 tam
925 1965 1057 2050 ignarus
1079 1966 1142 2030 fuit
1164 1965 1294 2053 linguae

122 2071 270 2158 Graecae,
293 2076 330 2136 ut
349 2072 536 2137 affirmaret:
560 2070 733 2156 ἐθελήμοί·
753 2070 789 2136 ἐκ
807 2057 1033 2157 παραλλήλου·
1054 2069 1211 2156 ἐθελημοὶ
1230 2074 1293 2156 γὰρ
1318 2100 1321 2105 ’

120 2177 176 2244 καὶ
200 2179 317 2264 ήσυχοι
341 2180 463 2244 ταύτόν
487 2178 586 2243 ἐστιν.
631 2177 720 2242 Η111
744 2178 841 2242 verba
864 2179 973 2261 potius
996 2182 1072 2243 sunt
1091 2180 1295 2264 excerptoris,

122 2285 187 2371 qui,
210 2307 282 2351 cum
306 2286 344 2350 ad
367 2309 396 2351 v.
418 2286 481 2350 119
505 2284 678 2350 invenisset
701 2285 800 2349 verba
823 2285 873 2350 ὅτι
898 2283 933 2350 ἐκ
955 2287 1169 2369 παραλλήλου
1191 2309 1294 2373 neque

120 2393 324 2478 intellegeret
363 2392 425 2458 hoc
466 2392 506 2456 ad
546 2414 639 2457 voces
680 2391 805 2457 πολλὸν
845 2389 900 2456 καὶ
934 2393 1090 2476 ἄφθονον
1126 2393 1295 2479 pertinere,

121 2523 258 2585 quarum
282 2521 357 2565 sane
380 2500 414 2563 in
438 2498 575 2564 secunda
597 2498 654 2562 illa
677 2498 725 2562 vis
749 2520 879 2581 perraro
902 2494 1024 2586 inest,²)
1047 2498 1180 2584 ignarus
1201 2521 1237 2563 ea
1255 2499 1295 2563 ad

120 2608 203 2672 falsa
225 2607 360 2673 rettulit.

211 2713 279 2780 lam
312 2715 390 2799 duo,
423 2735 504 2797 quae
535 2712 685 2778 Flachius
718 2712 862 2798 assignat
894 2713 1074 2798 fragmenta
1107 2710 1294 2778 Aristonico

122 2845 154 2907 p.
173 2822 254 2908 438,
281 2842 341 2906 ego
369 2842 492 2904 nequeo
523 2818 592 2884 eius
615 2819 747 2904 propria
769 2819 890 2884 ducere.
940 2817 1025 2883 Nam
1048 2821 1215 2884 annotatio
1238 2819 1295 2884 illa

121 2928 161 2992 de
193 2950 264 3013 usu,
296 2927 352 3012 qui
383 2927 428 2991 sit
455 2927 542 2991 vocis
570 2927 725 3011 δαίμονες
752 2925 836 3010 apud
862 2924 1048 3010 Homerum,
1075 2926 1122 2990 ita
1147 2930 1196 2990 est
1224 2948 1281 2989 con

121 3035 232 3099 iuncta
268 3055 341 3099 eum
381 3033 515 3117 reliquis
545 3032 723 3097 Proclianis
757 3054 787 3115 p.
818 3032 891 3118 119,
912 3031 967 3116 10,
1002 3036 1039 3096 ut
1080 3055 1149 3098 eam
1185 3033 1294 3116 potius

121 3141 351 3206 commentario
391 3140 622 3225 assignaverim
652 3138 832 3222 Plutarchi,
868 3161 963 3222 quem
1000 3138 1063 3203 alia
1099 3139 1196 3204 huius
1232 3139 1295 3204 loci

120 3247 289 3313 Procliana
319 3270 357 3312 ex
386 3252 478 3331 parte
504 3247 676 3311 manifesto
704 3268 720 3310 e
750 3244 894 3310 Platonis
921 3246 1015 3310 libris
1039 3249 1168 3329 sumpta
1189 3267 1295 3311 neces-

122 3355 208 3420 sario
232 3358 408 3439 exposcunt
432 3358 608 3439 auctorem3
634 3375 738 3437 neque
758 3356 827 3417 erat
845 3351 1037 3417 Plutarchus
1056 3353 1170 3417 talium
1188 3375 1295 3417 rernm

121 3462 303 3548 neglegens.
344 3461 435 3547 Tum,
454 3460 540 3546 quod
558 3459 709 3525 Flachius
729 3459 846 3524 codicis
865 3459 1066 3526 Monacensis
1084 3464 1196 3525 notam
1213 3483 1295 3525 mar-

122 3569 193 3655 gini
216 3569 408 3653 adscriptam
431 3567 471 3633 ad
489 3591 517 3632 v.
535 3567 612 3632 141:
653 3566 815 3652 γράφεται
839 3567 985 3651 φύλακες
1003 3565 1157 3654 (Usener,
1176 3567 1236 3632 Rh.
1251 3567 1295 3633 M.

121 3675 217 3741 XXII
251 3700 281 3761 p.
309 3674 390 3763 591)
430 3675 647 3760 fragmentum
687 3672 802 3738 scholii
840 3674 964 3737 censuit
999 3670 1190 3756 Aristonici,
1225 3696 1295 3738 mea

123 3783 252 3868 quidem
291 3782 450 3848 sententia
484 3781 546 3845 hoc
582 3782 799 3867 fragmentum
836 3783 885 3844 est
923 3778 1037 3844 scholii
1070 3776 1295 3864 Ohoerobosci,

121 3888 301 3955 Aristonici
342 3893 450 3954 autem
483 3889 700 3973 fragmentum
742 3886 870 3950 restitui
910 3884 1001 3949 nullo
1042 3885 1137 3949 modo
1179 3889 1294 3969 potest.

121 3995 208 4061 Nam
246 4019 304 4061 suo
341 3996 413 4061 loco
451 3994 575 4059 videbis
607 3992 660 4081 (cf.
693 3993 790 4057 huius
827 3991 901 4056 diss.
929 3989 1043 4078 1114)
1076 3990 1295 4057 Aristonicum

122 4103 267 4188 aliosque
293 4125 327 4168 re
354 4125 429 4167 vera
458 4102 575 4188 legisse
603 4122 713 4165 vocem
741 4100 892 4184 φύλακες.
943 4096 1012 4172 Qua
1038 4120 1116 4163 voce
1145 4099 1296 4163 restituta

121 4231 174 4275 res
204 4232 337 4293 prorsus
369 4209 432 4274 alia
462 4208 561 4273 fiebat
593 4211 625 4272 et
656 4205 860 4292 dignissima,
896 4204 934 4269 de
967 4227 1031 4288 qua
1063 4204 1294 4290 disputaretur;

215 4440 241 4512 1)
266 4437 306 4492 cf.
326 4440 420 4508 hymn.
439 4439 519 4517 Hom.
540 4443 587 4507 30,
602 4443 632 4507 83
651 4436 734 4490 dere
753 4433 884 4490 universa
903 4433 967 4489 vide
985 4434 1069 4488 huius
1088 4434 1154 4490 (1111.
1173 4433 1219 4504 III,
1238 4439 1263 4490 4.

1045 4531 1061 4580 9
1069 4523 1083 4553 t
