2970 4980
177 305 219 369 14
503 304 546 358 De
564 303 678 359 scholiis
697 304 734 358 ad
754 303 845 375 Opera
864 303 1021 374 adscriptis.

181 467 328 552 agnovit,
359 467 455 550 paulo
489 470 562 531 ante
594 467 673 532 duos
702 491 720 530 a
747 468 861 532 ceteris
887 467 1034 531 fontibus
1061 465 1182 530 alienos
1209 467 1349 549 praebet.

178 572 318 638 Versum
328 573 370 637 99
386 595 450 637 una
463 596 535 637 cum
544 573 720 638 Plutarcho
735 574 819 638 idem
833 575 970 658 ignorat.
1001 570 1123 638 Contra
1136 595 1264 638 versum
1277 573 1350 658 169,

181 681 237 764 qui
257 681 297 745 ab
317 680 440 764 optimo
461 681 567 745 codice
586 680 746 745 Hesiodeo
767 680 868 767 abest,
892 681 1025 765 agnovit
1044 679 1213 744 Zenobius.
1251 677 1350 763 Adde,

179 787 265 870 quod
291 808 403 851 versus
428 785 604 851 244-245
632 809 698 851 non
719 787 848 872 legebat
871 785 1047 850 Aeschines
1070 807 1173 870 neque
1196 785 1350 869 interpre-

176 897 264 959 tatus
288 898 336 958 est
358 892 561 980 Plutarchus,
584 893 640 977 qui
662 915 703 957 ne
724 915 836 958 versus
860 893 987 977 quidem
1010 893 1184 956 794-797
1207 897 1349 957 noverat.

176 999 215 1064 In
246 1000 392 1065 versibus
425 1022 552 1085 quoquc
578 1000 766 1087 123-124,
789 999 982 1085 293-295,
1014 999 1086 1063 aliis
1119 999 1350 1084 discrepantiae

176 1111 252 1171 sunt
288 1127 480 1192 permagnae
517 1107 601 1171 inter
638 1107 788 1191 antiquos
825 1107 997 1190 scriptores
1029 1109 1061 1170 et
1093 1106 1258 1191 librarios,
1294 1107 1351 1189 qui

176 1213 338 1279 Hesiodea
365 1217 633 1299 propagaverunt.
678 1213 784 1277 Multa
811 1217 886 1277 sunt
914 1213 948 1276 id
972 1233 1073 1298 genus
1097 1212 1172 1276 aha:
1199 1212 1351 1277 nolumus

175 1325 287 1385 nostra
310 1342 395 1385 nunc
417 1320 607 1405 praeripere.
1173 1390 1175 1394 ι

266 1426 353 1503 Quae
376 1449 448 1491 cum
471 1427 517 1490 ita
536 1427 611 1512 sint,
634 1427 778 1511 cogimur
797 1426 864 1490 sive
882 1425 1119 1490 recensionis
1139 1426 1205 1490 sive
1223 1447 1350 1490 recen·
1424 1418 1426 1421 ’

176 1535 327 1599 sionum
342 1534 561 1597 diversitatem
577 1533 736 1617 quandam
750 1533 813 1619 ipsi
828 1532 1017 1616 antiquitati
1034 1533 1218 1597 attribuere.
1247 1531 1351 1607 Quan-

178 1645 248 1704 tum
277 1640 417 1724 supersit
445 1662 484 1704 ex
512 1640 612 1705 altera
635 1640 832 1725 recensione,
868 1643 988 1722 quanta
1019 1638 1117 1703 fuerit
1150 1639 1351 1724 auctoritate,

177 1769 259 1830 quae
294 1747 430 1830 denique
461 1747 662 1811 necessitudo
695 1747 871 1811 intercedat
901 1746 985 1809 inter
1014 1744 1234 1809 oblitteratam
1261 1745 1351 1809 illam

178 1857 210 1917 et
232 1853 368 1918 adhaec
386 1853 511 1917 saecula
529 1853 682 1918 traditam
699 1853 895 1937 memoriam,
919 1852 952 1915 id
969 1852 1077 1935 ipsum
1096 1874 1247 1934 quaerere
1269 1852 1351 1915 mihi

177 1981 264 2023 nunc
287 1963 336 2024 est
358 1960 568 2044 propositum.

267 2063 348 2130 Cum
370 2070 477 2130 autern
495 2065 612 2150 duplex
631 2070 742 2150 pateat
761 2067 822 2153 via,
844 2088 909 2130 una
927 2087 983 2149 per
1001 2068 1146 2130 veterum
1165 2066 1350 2130 criticorum

177 2172 432 2258 observationes,
464 2172 565 2237 altera
597 2195 654 2257 per
686 2172 872 2237 testimonia
905 2193 1015 2236 eorum
1048 2172 1256 2257 scriptorum,
1294 2173 1351 2256 qui

84 2364 88 2369 ‚
176 2277 336 2342 Hesiodea
363 2279 513 2364 afferunt,
540 2280 723 2363 proximum
750 2282 846 2363 caput
874 2279 912 2342 de
940 2277 1072 2343 scholiis
1096 2279 1158 2343 erit
1182 2279 1221 2343 ad
1244 2277 1350 2362 Opera

177 2384 360 2472 adscriptis,
396 2387 431 2450 in
466 2387 564 2451 tertio
599 2387 798 2451 versabimur
828 2386 863 2449 in
895 2386 1113 2451 examinandis
1145 2385 1351 2471 testimoniis,

177 2491 292 2557 ultimo
320 2492 390 2557 loco
418 2493 666 2578 complectemur
694 2515 743 2577 ea,
772 2514 853 2576 quae
880 2493 918 2556 de
948 2492 1049 2557 altera
1072 2493 1221 2557 carminis
1244 2513 1351 2556 recen-

178 2598 268 2663 sione
290 2599 385 2663 nobis
409 2599 574 2664 videamur
596 2600 782 2683 repperisse.

670 2952 792 3039 Caput
815 2953 855 3020 Π,
879 2950 880 2953 ’

441 3113 490 3194 De
518 3122 659 3192 scholiis
688 3121 731 3191 cd
758 3121 865 3211 Opera
893 3122 1086 3212 adscriptis.

747 3276 775 3339 1.

267 3397 444 3464 Abundant
468 3399 598 3465 scholiis
621 3399 698 3464 libri
721 3399 897 3475 Hesiodei„
923 3400 1065 3465 Exstant
1087 3399 1279 3484 marginalia
1301 3398 1353 3463 vel

178 3507 214 3570 in
236 3505 455 3598 vetustissimo
479 3506 586 3570 codice
609 3503 642 3571 Ο.
689 3504 768 3570 Fere
792 3507 955 3591 conspirat
978 3508 1012 3571 in
1036 3508 1081 3572 eis
1104 3507 1204 3570 codex
1225 3505 1353 3570 Dorvil·

177 3613 283 3677 lianus
311 3634 384 3676 cum
407 3612 639 3677 recentioribus
662 3611 818 3677 Parisinis
842 3613 950 3700 libris,
977 3636 994 3678 e
1018 3614 1135 3698 quibus
1160 3613 1301 3696 optimus
1324 3610 1352 3675 B

179 3717 254 3806 (No.
281 3715 399 3805 2708),
436 3719 522 3803 quod
556 3719 595 3782 fit
632 3719 729 3783 etiam
761 3719 796 3783 in
828 3719 934 3784 codice
967 3719 1115 3785 Gudiano
1145 3719 1200 3804 74,
1236 3740 1353 3783 nomen

179 3827 337 3909 Πρόκλου
366 3826 526 3909 διαδόχου
553 3848 629 3910 prae
658 3848 691 3890 se
717 3826 789 3891 fert.
836 3825 911 3890 Alia
939 3830 1016 3891 sunt
1043 3849 1061 3890 a
1088 3826 1208 3890 Ioanne
1236 3825 1353 3890 'laetas

179 3932 367 4018 conscripta,
392 3932 512 4016 optime
535 3937 722 3997 conservata
744 3933 779 3996 in
797 3933 903 3998 codice
923 3931 1191 4019 Cantabrigiensi.
1227 3931 1351 4008 Quibus

179 4038 332 4103 accedunt
355 4060 406 4123 ea,
430 4061 510 4122 quae
533 4039 665 4123 reliquit
688 4039 772 4103 Man.
796 4038 1040 4125 Moschopulus,
1066 4039 1187 4123 optime
1210 4039 1246 4101 in
1266 4037 1351 4102 libro

179 4144 375 4209 Tricliniano
417 4150 550 4211 servata.
560 4144 585 4233 ¹)
636 4144 768 4210 Nullius
810 4148 885 4210 sunt
925 4146 1023 4229 pretii
1060 4144 1183 4209 scholia
1218 4143 1354 4209 Maximi

181 4273 392 4281 ——-—.—-——

268 4341 294 4408 1)
314 4337 381 4402 Quis
410 4336 447 4391 sit
474 4337 519 4391 hic
549 4338 761 4408 Moschopulus,
791 4337 929 4392 Cretensis
953 4338 1003 4391 ille
1027 4337 1117 4392 maior
1138 4338 1209 4391 natu
1232 4352 1269 4390 an
1292 4335 1352 4390 eius

181 4427 326 4502 patruelis,
345 4427 375 4481 id
393 4444 444 4497 pro
463 4430 539 4482 certo
558 4445 615 4482 non
629 4427 697 4482 licet
711 4428 857 4483 affirmare.
885 4427 975 4480 Priori
989 4426 1147 4480 vindicavit
1160 4425 1230 4480 haec
1245 4424 1353 4480 scholia
