2970 4980
197 349 263 413 232
542 349 584 404 De
604 348 726 420 Operum
744 347 835 403 altera
852 346 1021 403 recensione.

197 513 311 598 ignota
339 517 389 578 est
412 512 469 577 illa
491 512 646 577 athetesis
668 510 873 597 Aristarch03
900 511 1027 576 nullum
1050 511 1136 576 enim
1159 515 1266 576 exstat
1287 510 1373 595 frag-

197 623 342 684 mentum
369 619 562 704 Aristonici,
591 619 718 684 nullum
747 622 816 685 erat
844 639 920 704 ergo
950 619 1079 704 signum
1106 618 1147 683 ad
1173 618 1233 682 hos
1261 639 1373 682 versus

197 725 379 792 Aristarchi
407 726 442 791 in
468 749 503 791 re
530 726 734 812 gravissima,
767 747 871 810 neque
897 723 1058 810 Didymus
1085 725 1119 789 in
1145 725 1219 789 fuso
1248 724 1372 789 scholio

198 855 257 898 suo
285 834 461 918 quidquam
489 833 526 897 de
549 832 732 897 Aristarchi
761 832 922 898 sententia
950 831 1032 896 dixit
1057 869 1098 878 —
1122 832 1199 916 quie
1219 832 1304 896 nihil
1327 832 1373 895 in·

197 941 295 1005 venit.
341 939 430 1025 Ergo
454 944 542 1025 post
565 938 748 1005 Aristarchi
771 942 909 1005 aetatem
932 939 1019 1004 facta
1041 943 1100 1004 est.
1145 938 1299 1023 Quisquis
1323 942 1374 1004 est

198 1047 267 1111 eius
298 1050 423 1132 auctor,
457 1051 542 1113 certe
571 1048 667 1112 nobis
697 1047 885 1111 deteriorem
916 1046 1134 1111 recensionem
1160 1045 1293 1130 reliquit
1322 1045 1373 1109 de-

197 1154 343 1218 teriobus
366 1154 489 1219 scilicet
511 1154 739 1238 manuscriptis
762 1153 855 1218 libris
879 1176 957 1218 usus
981 1155 1014 1217 et
1033 1175 1092 1218 suo
1110 1153 1213 1236 ipsius
1232 1153 1373 1218 fortasse

198 1261 328 1346 ingenio
351 1261 425 1346 plus
449 1283 545 1346 quam
567 1284 626 1345 par
649 1265 718 1326 erat
740 1261 919 1346 indulgens.

286 1367 460 1433 Alteram
478 1369 694 1433 recensionem
715 1369 871 1432 affirmari
884 1370 980 1452 posse
994 1366 1122 1432 videtur
1131 1364 1373 1432 Aristarcheam

197 1475 306 1539 fuisse.
363 1473 451 1552 Quae
487 1478 611 1540 restant
648 1476 683 1540 in
713 1475 905 1561 fragmentis
936 1473 1116 1539 Aristonici
1147 1472 1373 1538 Aristarcheae

198 1580 345 1646 lectionis
372 1581 523 1667 vestigia,
552 1604 677 1666 semper
700 1583 905 1647 consentiunt
928 1603 1001 1646 cum
1023 1581 1217 1646 lectionibus
1240 1581 1374 1646 illorum

198 1687 407 1775 scriptorum,
435 1710 572 1772 quorum
600 1689 635 1752 in
661 1689 812 1754 manibus
836 1689 970 1754 alteram
991 1688 1092 1752 fuisse
1115 1687 1373 1752 demonstratum

197 1797 260 1880 est3
287 1794 322 1858 in
344 1795 529 1860 recensione
551 1795 727 1876 Plutarchi,
749 1796 844 1860 testis
868 1795 924 1879 qui
947 1798 997 1860 est
1021 1794 1154 1860 alterius
1176 1794 1374 1859 recensionis

199 1901 467 1989 spectatissimus,
499 1902 609 1987 signa
640 1902 813 1967 manifesto
845 1901 978 1966 aderant
1005 1904 1102 1985 atque
1131 1922 1180 1987 ea,
1213 1905 1372 1985 quantum

197 2006 341 2071 videmus
370 2004 412 2094 (v.
436 2007 476 2071 ad
497 2031 527 2073 v.
548 2008 665 2094 1-10,
689 2007 770 2095 317)
793 2007 1013 2093 Aristarchea3
1040 2029 1144 2092 neque
1167 2006 1304 2091 denique
1328 2007 1372 2095 al·

198 2112 300 2177 terius
323 2116 392 2177 erat
415 2115 617 2199 grammatici
640 2118 732 2180 tanta
755 2116 944 2201 auctoritas,
965 2115 1057 2180 cuius
1080 2115 1220 2181 recensio
1244 2114 1371 2179 tamdiu

197 2220 336 2285 ferretur
368 2224 401 2284 et
432 2243 451 2285 a
482 2220 624 2306 Didymo
659 2244 784 2306 semper
815 2222 1035 2307 inspiceretur.
1091 2220 1262 2287 Oonsentit
1295 2244 1372 2286 vero

199 2326 300 2392 altera
325 2327 467 2392 recensio
491 2328 526 2393 in
548 2329 749 2414 gravissimis
773 2329 955 2414 quibusque
977 2328 1074 2394 rebus
1098 2350 1170 2394 cum
1192 2328 1250 2393 illa
1272 2327 1374 2393 Athe

199 2433 360 2498 niensium
383 2435 599 2500 vetustiorum
622 2432 675 2523 (cf.
693 2434 849 2522 Platonis,
871 2435 1051 2520 Aeschinis,
1073 2434 1262 2500 Aristotelis
1281 2437 1374 2501 testi-

198 2538 321 2628 monia)
345 2563 483 2628 semper,
506 2542 571 2607 iam
594 2543 707 2630 elucet,
729 2543 762 2607 id
785 2543 871 2628 quod
893 2565 951 2628 per
971 2564 1004 2608 se
1022 2546 1238 2630 exspectatur,
1259 2543 1375 2608 funda·

61 2669 63 2674 ·
197 2650 344 2711 mentum
365 2645 591 2713 Aristarcheae
614 2649 817 2735 recensionis,
842 2653 880 2714 ut
902 2649 937 2713 in
959 2648 1142 2714 Homericis
1165 2650 1375 2734 carminibus,

199 2752 367 2838 vulgatam
407 2754 612 2818 veterrimam
652 2755 752 2819 fuisse
792 2755 813 2821 i.
841 2777 866 2821 e.
908 2756 1129 2841 apographum
1164 2754 1376 2823 Pisistrateae

198 2860 402 2926 recensionis.

287 2966 374 3032 Haec
409 2967 509 3032 hahui
547 2990 629 3052 quae
665 2968 809 3034 dicerem.
864 2969 998 3035 Utinam
1034 2969 1114 3034 haec
1148 2991 1221 3034 mea
1256 2972 1378 3061 studia,

198 3095 322 3150 summo
346 3096 454 3138 amore
477 3078 510 3139 et
532 3097 608 3140 cura
626 3098 645 3139 a
662 3097 714 3139 me
734 3076 875 3161 exculta,
898 3077 1037 3142 aliorum
1056 3098 1185 3160 quoque
1203 3075 1378 3144 Hesiodeis

199 3179 315 3244 studiis
339 3180 461 3265 aliquid
485 3181 567 3246 lucri
589 3183 777 3267 praebeant!
