2970 4980
154 323 197 388 28
378 323 419 379 Da
437 323 548 379 Veteris
566 323 730 394 interpretis
749 325 859 379 ratione
878 323 1091 395 interpretandi.

154 489 293 556 δύναται
315 488 447 574 τροφὴν
471 485 576 576 έαυτρλ
599 492 813 573 πορίσασθαι.
859 488 879 573 ἢ
904 491 941 556 τὸ
964 491 1145 575 κοθούροις
1168 487 1243 556 ἀντὶ
1266 499 1329 556 τοῦ

154 595 283 681 ἀργοῖς,
309 597 399 682 παρά
425 596 488 679 τὴν
514 594 693 682 καθέδραν.
739 594 759 679 ἦ
786 598 961 681 κολούροις
987 597 1049 680 την
1077 597 1182 683 ούράν
1208 594 1265 662 καὶ
1290 600 1328 664 τὸ

152 701 304 789 κέντρον·
336 701 392 768 καλ
419 703 482 787 γὰρ
511 701 566 767 καὶ
590 701 691 787 ἀργὸς
713 700 767 767 καλ
792 703 957 788 ἀκεντρος.
1003 702 1023 786 ἢ
1046 704 1228 790 κοθούροις
1250 702 1329 770 ἀντὶ

153 819 213 876 τού
245 812 332 898 κόρην
360 811 538 892 πλήθουσι.
584 806 825 891 καταγέλαστος
853 811 916 896 γάρ
944 809 987 876 ἀν
1015 817 1065 894 είη
1092 834 1143 887 τις
1169 821 1237 877 τῶν
1264 808 1329 896 μὲν

154 915 344 1001 ἀνθρώπων
367 915 615 999 ἐλαττούμενος,
638 927 708 992 τοῖς
731 912 768 980 dt
786 925 934 1000 κηφῆσιν
953 917 1179 1002 ὁμοιούμενος.
1213 918 1328 1002 κηφὴν

156 1026 240 1101 ζῶον
272 1028 437 1108 μελισσῶν
464 1021 648 1109 ἀργότατον
675 1020 730 1087 καὶ
758 1024 934 1110 ἀκεντρον·
971 1027 1133 1109 κόθουροι
1161 1021 1198 1091 ἀὲ
1226 1024 1246 1109 ἢ
1275 1025 1328 1091 ὅτι

154 1130 319 1213 κάθηνται
342 1128 491 1196 τουτέστι
510 1138 777 1215 παρατηροῦνται
799 1130 861 1213 τὴν
884 1131 986 1217 ὥραν,
1010 1131 1046 1197 έν
1069 1122 1090 1217 ᾗ
1114 1129 1329 1216 ἐκβαίνουσιν

153 1238 192 1302 αί
212 1235 374 1320 μέλισσαι,
397 1237 454 1303 ἵνα
478 1235 677 1313 έκλαθόντες
701 1235 839 1303 έσθίυσι
861 1238 899 1303 τὸ
923 1236 1010 1322 μέλι·
1045 1236 1065 1321 ἢ
1089 1251 1159 1315 τοῖς
1180 1241 1328 1324 αολοβην

153 1343 260 1429 οὐράν
288 1346 435 1427 ἔχουσιν·
468 1343 715 1429 ἀποκρύπτουσι
743 1345 806 1428 γάρ
835 1343 896 1426 τὴν
924 1344 1038 1429 οὐράν.
1083 1346 1263 1430 Δίδυμος
1288 1343 1328 1412 δέ

152 1451 340 1533 κοτούροις,
368 1450 418 1515 ὅτι
448 1452 547 1514 κότον
575 1451 710 1533 ἔχουσιν
738 1448 774 1513 ἐν
800 1459 841 1535 τῇ
865 1449 963 1537 οὐρᾷ·
991 1452 1072 1515 κατὰ
1095 1448 1133 1516 ἀὲ
1153 1448 1327 1537 Ἀριστο·

153 1555 302 1643 τέληνῙ)
317 1554 494 1640 άκέντροις.
525 1553 703 1640 Ἀμερίας
717 1552 754 1620 dt
768 1557 974 1641 κακούργοις.
1007 1560 1109 1640 μόνος
1124 1554 1160 1622 δέ
1170 1556 1328 1637 Ἡσίοδος

154 1661 237 1740 άπαξ
261 1672 299 1748 τῇ
323 1661 406 1742 λέξει
431 1662 598 1748 ἐχρήσατο.
637 1659 699 1727 Sed
722 1662 773 1727 vel
795 1662 962 1752 hisquae
980 1647 1218 1752 exscripsimus,
1240 1687 1327 1731 acoe-

153 1769 235 1833 dunt
271 1769 503 1855 additamenta,
539 1769 661 1833 scilicet
695 1790 733 1833 ex
766 1769 898 1835 scholiis
931 1768 1224 1858 Monaoemibus²):
1261 1796 1326 1837 αο-

153 1877 333 1962 θούροις·
357 1888 427 1952 τοῖς
449 1874 685 1960 καθεζομένοις
702 1874 757 1941 καὶ
776 1877 981 1961 φυλάττουσι
1000 1877 1061 1960 την
1079 1889 1147 1943 τῶν
1165 1884 1328 1961 μελιττῶν

153 1982 282 2061 έξοάον·
320 1977 415 2069 οὖροι
444 1984 506 2067 γάρ
535 1983 571 2047 οί
597 1983 755 2067 φύλακες·
792 1986 954 2069 κόθουροι
983 1978 1044 2049 οὖν
1073 1985 1108 2050 οί
1131 1986 1190 2061 τάς
1216 1986 1328 2071 θύρας

153 2090 385 2174 φυλάττοντες.
431 2087 558 2172 λέγεται
591 2085 621 2153 δ’
657 2088 692 2155 ἐκ
723 2090 844 2155 τούτου
876 2088 931 2155 καὶ
963 2091 1143 2177 ἀνθρωπος
1175 2091 1192 2156 ὁ
1220 2088 1327 2176 μηθέν

154 2197 239 2282 δρᾶν
262 2197 456 2280 δυνάμενος.
489 2193 729 2283 Ἀριστοφάνης
752 2195 886 2281 Σφηξίν

287 2320 370 2386 ἀλλά
393 2323 456 2406 γάρ
480 2321 627 2406 κηφῆνές
650 2323 736 2388 είσιν
758 2323 839 2407 ἡμῖν
863 2321 1084 2406 ἐγκαθήμενοι

286 2428 348 2494 οὐκ
371 2431 501 2512 ἔχοντες
522 2427 674 2514 κέντρον·
699 2432 735 2494 οἳ
755 2427 910 2513 μένοντες
933 2429 1027 2513 ἡμῶν
1049 2438 1109 2495 τοῦ
1133 2433 1242 2515 φόρου

287 2536 346 2599 τὸν
369 2537 472 2617 γόνον
494 2539 730 2601 κατεσθίουσιν
754 2535 794 2600 ού
818 2538 1134 2621 ταλαιπωρούμενοι.

2 2714 138 2745 fflfflfflfflfflffl
140 2656 518 2744 Bed-·>ne·iraco··quidem
536 2659 708 2744 pristinam
722 2659 847 2742 copiam
861 2659 1022 2724 reficiunt:
1042 2661 1198 2725 adsciscas
1213 2661 1323 2748 lorica,

154 2763 337 2830 Gudianum
361 2762 405 2852 (p.
426 2766 505 2852 332,
526 2764 582 2849 13)
611 2769 643 2829 et
665 2766 717 2829 Ps.
741 2765 883 2830 Zonaras
906 2765 950 2853 (p.
976 2764 1091 2854 1227),
1118 2789 1256 2851 quorum
1286 2768 1324 2833 da

153 2872 315 2937 communi
341 2872 431 2937 fonte
459 2871 601 2936 dubitari
627 2872 754 2955 nequit:
781 2854 933 2958 videbis?
946 2875 1093 2957 quamvis
1120 2896 1221 2958 pauca
1248 2875 1324 2961 sint,

153 2977 311 3043 nonnulla
334 2982 443 3042 tamen
464 2978 537 3042 inde
561 2976 746 3066 accedere.⁸)

241 3083 281 3148 In
298 3084 412 3149 rebus
436 3085 685 3169 interpretandis
704 3083 807 3150 Vetus
826 3087 881 3151 ille
899 3087 996 3173 longe
1019 3110 1109 3152 secus
1129 3110 1165 3153 ac
1182 3087 1324 3175 Proolus,

153 3191 244 3256 cuius
268 3191 478 3276 cognovimus
501 3213 617 3277 mores,
640 3193 851 3259 brevissimus
874 3194 946 3259 tuit.
984 3193 1071 3270 Quae
1090 3195 1201 3259 attulit
1220 3217 1236 3259 e
1256 3196 1323 3261 fon-

151 3297 241 3362 tibus
266 3297 332 3361 suis
357 3295 410 3384 (de
434 3299 551 3382 quibus
574 3299 658 3363 infra
677 3299 821 3365 dicturus
842 3299 940 3389 sum),
965 3302 1105 3386 optimae
1124 3306 1200 3366 sunt
1217 3306 1322 3367 notae.

153 3402 245 3480 Quod
281 3403 329 3468 ita
365 3425 447 3489 esse,
483 3406 594 3488 paucis
631 3406 858 3473 demonstrabo
891 3409 1052 3492 exemplis.
1098 3407 1251 3493 Legimus
1283 3409 1323 3474 ad

152 3533 180 3575 v.
203 3512 242 3574 11
264 3509 308 3597 (p.
327 3511 372 3574 44
389 3516 456 3575 not.
475 3534 496 3595 y
520 3512 587 3577 add.
612 3535 694 3597 quae
717 3518 793 3579 sunt
817 3514 876 3579 sub
900 3512 1035 3602 ἀλλως)ε
1058 3514 1226 3582 ἀνωστέον
1247 3516 1322 3604 (leg.

152 3615 401 3705 ἀναγνωστέον)
425 3621 506 3684 ἔστιν
531 3636 584 3684 σοι
611 3618 726 3686 καὶτὸ
755 3619 831 3685 ‘oda
858 3622 922 3705 ἀρα
945 3631 1072 3705 μοῦνον
1096 3623 1178 3704 ἔην’.
1211 3623 1267 3687 drot
1290 3626 1325 3688 τί

153 3720 244 3790 εἶπεν
272 3724 333 3790 οὐκ
360 3726 424 3810 ἀρα
447 3734 588 3809 μοῦνον,
617 3724 697 3811 πρὶν
720 3733 795 3812 είπη
817 3730 917 3804 τίνος.
964 3721 1046 3791 εἶπε
1068 3729 1109 3792 τὸ
1134 3727 1226 3810 οὐχί
1245 3751 1322 3806 πως

152 3834 231 3909 ναί;
264 3826 335 3896 εἷπε
363 3833 425 3917 γάρ
455 3831 491 3897 έν
519 3842 557 3918 τῇ
583 3837 760 3921 Θεογονίᾳ,
788 3833 838 3898 ὅτι
866 3834 903 3897 ἓν
931 3832 1027 3915 γένος
1055 3831 1123 3898 ἐστὶ
1145 3844 1204 3917 τῆς
1227 3841 1322 3918 φιλο-

151 3940 277 4014 νεικίας
299 3936 354 4003 καὶ
378 3934 443 4004 ὧδε
467 3942 601 4024 ἔμελλεν
624 3942 740 4023 είπείν,
763 3939 813 4004 ὅτι
837 3940 899 4004 δύο
926 3941 1001 4004 είσί·
1025 3937 1080 4004 καὶ
1102 3935 1171 4006 εἷπε
1189 3942 1227 4006 τὸ
1246 3940 1321 4027 οὐχὶ

152 4044 250 4128 τάχα,
274 4043 326 4109 ὅτι
350 4044 510 4123 ἐψεύσατο
535 4045 571 4110 έν
594 4055 638 4132 τῷ
664 4048 783 4129 εἰπεῖν,
812 4046 863 4111 ὅτι
885 4046 923 4110 ’έν
945 4044 1042 4128 γένος
1064 4046 1202 4131 ὑπάρχει
1226 4054 1321 4132 φιλο-

285 4274 330 4328 An
346 4271 563 4342 Ἀριστοφάνηνλ
600 4272 640 4328 cf.
660 4272 767 4327 scholia
785 4272 973 4327 Monacensis.

285 4363 399 4417 Usener.
418 4360 517 4416 Rhein.
537 4361 608 4416 Mus.
628 4361 705 4416 XXII
722 4380 749 4432 p.
765 4367 824 4418 593.

286 4451 439 4522 κοθούροις
452 4477 487 4498 =
501 4449 678 4520 κονθούροις,
698 4451 890 4522 κουντούροις;
909 4450 1061 4520 κοθούροις
1075 4478 1109 4498 =
1123 4448 1261 4517 κλέπταις.
