2970 4980
357 324 398 380 De
419 321 540 395 Operum
557 323 682 380 versibus
702 324 738 379 ab
758 323 882 393 antiquis
901 323 1034 381 laudatis.
1224 326 1287 390 195

112 485 260 575 (Wiener
280 487 414 554 Studien
432 488 463 552 X
482 512 511 573 p.
532 485 680 576 270sq.),
702 489 877 574 immerito,
901 489 1025 573 siquid
1048 489 1147 554 video.
1195 487 1288 554 Gom·

112 595 238 680 paravit
261 618 389 663 versum
412 596 617 682 'theogoniae
636 595 702 661 364

293 701 365 789 τρὶς
388 705 451 787 γὰρ
474 705 581 787 χίλιαί
601 705 665 768 εἰσι
688 705 898 789 τανύσφυροι
919 703 1115 788 Ὠκεανῖναι,

59 806 63 813 ’
110 810 202 874 cuius
226 813 329 894 χίλιαι
352 814 585 875 commutatum
608 809 753 874 videmus
777 811 812 874 in
835 813 949 897 μύριαι
973 810 1057 896 apud
1081 812 1287 877 scholiastam

109 916 201 981 Pind.
230 915 266 981 Ο.
289 916 321 982 V
346 919 378 1002 13
416 918 520 982 simile
550 917 672 1002 aliquid
710 939 779 983 esse
812 918 934 982 factum
966 919 1004 982 de
1035 917 1176 1003 Operum
1207 918 1286 983 1666.

110 1022 224 1108 Neque
247 1023 384 1088 inveniri
403 1025 491 1089 vocis
515 1025 629 1110 μύριοι
648 1024 714 1087 vim
733 1025 859 1109 „decem
877 1025 985 1089 milia“
1007 1025 1092 1110 apud
1110 1024 1288 1091 Homerum

110 1128 361 1216 Hesiodumque,
378 1153 460 1215 quae
478 1131 629 1196 hocloco
648 1132 827 1195 necessario
842 1133 1070 1218 postularetur,
1090 1131 1144 1196 sed
1164 1155 1289 1217 semper

110 1258 278 1301 numerum
301 1237 465 1323 ingentem
488 1237 672 1322 significari.
718 1234 807 1301 Haec
829 1259 904 1301 1616
927 1237 1041 1322 habeo,
1072 1260 1153 1323 quae
1176 1244 1288 1304 contra

111 1343 222 1408 dicam.
267 1343 403 1409 Potest
432 1367 523 1430 1616,
555 1367 636 1428 quae
669 1343 873 1429 Theogoniae
906 1345 1012 1409 versui
1044 1346 1171 1431 accidit,
1203 1346 1288 1410 idem

113 1451 266 1516 accidisse
281 1449 437 1537 Operum3
456 1455 490 1516 at
509 1474 581 1516 cum
600 1451 804 1515 consentiant
823 1473 932 1516 omnes
951 1451 1027 1516 libri
1045 1451 1197 1517 Hesiodei
1216 1475 1288 1517 cum

111 1558 260 1642 testibus,
284 1559 318 1622 in
340 1558 392 1622 his
416 1559 467 1622 vel
486 1556 659 1642 Clemente,
683 1561 904 1644 repugnetque
927 1581 1010 1623 unus
1029 1557 1069 1644 A,
1091 1560 1288 1625 contrarium

109 1665 231 1729 factum
255 1687 325 1730 6666
350 1665 430 1730 mihi
450 1669 499 1730 est
518 1665 704 1729 verisimile:
728 1665 816 1748 quod
833 1669 956 1730 rectum
975 1687 1008 1730 se
1026 1666 1167 1731 habebat
1185 1671 1288 1751 χίλιαι

110 1774 145 1835 16
168 1771 367 1857 Theogonia,
395 1773 589 1837 translatum
616 1776 667 1836 est
689 1772 724 1836 in
753 1771 870 1857 Opera,
901 1773 987 1857 quod
1013 1774 1135 1839 rariora
1164 1796 1288 1857 semper

110 1879 260 1943 videntur
283 1901 352 1944 esse
380 1879 599 1964 exquisitiora.
645 1877 713 1943 Nec
736 1883 869 1964 propter
899 1878 983 1967 τρὶς,
1011 1881 1096 1964 quod
1119 1880 1289 1966 praecedit,

110 1986 290 2051 necessario
315 1986 422 2050 decem
445 1987 535 2051 milia
564 1986 725 2071 significat
748 1988 870 2072 μύριοι.
916 1985 1003 2062 Quae
1031 2010 1106 2052 sane
1130 1987 1289 2054 sententia

110 2093 173 2157 fuit
186 2092 238 2158 Ps.
253 2092 410 2158 Heracliti
424 2095 459 2158 in
472 2094 610 2178 epistula
625 2093 665 2157 ad
676 2092 912 2158 Hermodorum
927 2090 1027 2180 (apud
1041 2094 1288 2159 Boissonadium

111 2200 150 2263 ad
174 2200 358 2285 Eunapium
380 2225 410 2285 p.
430 2201 496 2264 424
507 2198 578 2287 sq.),
601 2201 658 2285 qui
685 2199 756 2282 τρὶς
784 2202 847 2285 γὰρ
877 2201 990 2286 μύριοι
1018 2201 1178 2265 intellexit
1201 2214 1289 2286 τρεῖς

111 2308 320 2394 μυριάδας,
345 2308 400 2372 sed
421 2307 604 2372 Heraclitos
627 2328 687 2392 ego
710 2328 776 2371 non
799 2328 884 2371 curo.
931 2305 1017 2372 Nam
1039 2306 1110 2393 τρὶς
1132 2307 1194 2371 hoc
1217 2307 1287 2372 loco

110 2435 177 2478 non
200 2418 250 2479 est
273 2416 448 2500 genuinum
470 2414 649 2498 numerale,
673 2415 729 2479 sed
752 2412 1014 2500 ἐπιρρηματικῶς
1037 2413 1229 2498 adhibitum,
1251 2418 1289 2477 ut

111 2521 146 2585 in
169 2522 324 2587 vocabulo
348 2527 529 2608 τρίλλιστοι
553 2521 725 2586 Homerico
750 2519 795 2608 (Θ
809 2518 900 2607 488),
922 2522 1104 2606 τρίσμακαρ
1128 2525 1178 2584 161
1202 2520 1289 2605 felix,

112 2628 197 2712 quod
220 2629 412 2693 vocabulum
434 2629 552 2693 rectius
576 2626 647 2714 τρὶς
670 2629 778 2713 μάκαρ
799 2627 1001 2692 scribendum
1024 2649 1094 2691 esse
1117 2627 1287 2691 manifesto

111 2735 310 2800 demonstrat
338 2757 450 2801 versus
478 2735 669 2801 Homericus
694 2735 788 2801 2306
817 2733 889 2820 τρὶς
916 2735 1059 2819 μάκαρες
1081 2732 1211 2800 Δαναοὶ
1233 2730 1288 2798 καὶ

111 2844 271 2928 τετράκις,
307 2843 365 2906 ubi
403 2865 526 2928 semper
563 2847 612 2907 ter
648 2842 733 2907 idem
769 2841 854 2907 valet
890 2845 987 2925 atque
1020 2840 1173 2905 Latinum
1210 2862 1288 2925 per-.

111 2946 225 3033 Neque
246 2971 330 3014 nova
349 2953 398 3014 est
421 2955 453 3015 61
470 2949 617 3014 inaudita
639 2970 710 3013 mea
729 2949 902 3034 sententia3
924 2971 1000 3012 nam
1020 2946 1100 3034 vide,
1123 2969 1205 3031 quae
1227 2969 1287 3011 nos

112 3055 224 3120 doceat
254 3057 483 3142 grammaticus
513 3055 598 3141 apud
625 3056 836 3123 Eustathium
864 3055 904 3120 ad
928 3053 1040 3140 Odyss.
1064 3078 1094 3139 p.
1116 3053 1211 3139 1542,
1230 3053 1287 3117 46:

114 3162 224 3228 ἰστέον
248 3160 286 3228 δὲ
309 3165 359 3229 ὅτι
383 3165 420 3228 ui
438 3162 617 3240 συνθέσεις
639 3173 699 3228 τοῦ
722 3161 793 3248 τρὶς
817 3161 1036 3249 ἐπιρρήματος
1059 3157 1137 3226 τοτὲ
1160 3157 1222 3245 μὲν
1245 3161 1289 3237 ὡς

111 3268 166 3334 καὶ
191 3269 337 3356 ἀλλαχοῦ
367 3270 520 3354 ἐδηλώθη
549 3269 738 3355 αὐτόχρημα
768 3269 886 3355 τριάδα
915 3270 1096 3352 δηλοῦσιν.
1113 3320 1118 3332 .
1134 3320 1140 3332 .
1157 3317 1174 3352 .,
1197 3263 1289 3333 ποτὲ

113 3372 153 3441 δὲ
177 3382 329 3461 πλῆθος
348 3381 627 3463 σημαίνουσιν,
651 3377 700 3453 ὡς
723 3376 764 3442 ἐν
786 3386 835 3464 τῷ
854 3373 938 3460 τρὶς
961 3378 1032 3461 γὰρ
1052 3376 1192 3461 μύριοί
1212 3377 1289 3439 εἰσι

111 3481 200 3568 παρ’
222 3481 397 3573 Ἡσιόδῳ.

200 3588 323 3654 Versus
343 3590 408 3655 256
433 3592 593 3675 posterius
617 3589 858 3655 hemistichium
876 3589 997 3674 legitur
1018 3589 1054 3653 in
1076 3587 1289 3654 661161.Α1611

111 3695 448 3762 Ρ11666.1Β61111.6δ
471 3698 566 3762 fidem
589 3699 747 3782 codicum3
775 3701 888 3761 contra
915 3697 949 3759 in
972 3699 1064 3779 parte
1086 3696 1194 3779 priore
1216 3695 1289 3759 Plu·

112 3802 242 3868 tarchus
266 3802 321 3891 (ad
343 3805 443 3888 princ.
461 3804 582 3870 inerud.
602 3829 631 3890 p.
654 3805 744 3869 1811)
764 3804 795 3869 V
813 3828 843 3888 p.
865 3798 1164 3889 1566611666
1187 3802 1288 3866 libros

111 3907 217 3974 AOD
244 3909 337 3981 Mass.
360 3934 420 3995 pro
444 3912 464 3995 ἡ
489 3911 529 3976 δέ
556 3935 591 3976 τε
624 3911 755 3975 exhibet
782 3911 802 3994 η
831 3910 871 3974 δέ
896 3933 941 3992 γε.
987 3908 1049 3984 Qui
1080 3913 1189 3994 potest
1221 3931 1289 3973 esse

112 4017 226 4082 calami
247 4017 373 4104 lapsus3
397 4022 505 4082 tamen
528 4018 662 4082 alteram
681 4017 898 4082 recensionem
920 4015 1071 4081 hocloco
1095 4015 1289 4099 discrepasse

112 4145 184 4188 cum
205 4125 339 4210 vulgata
357 4129 448 4211 patet
467 4126 518 4190 vel
536 4126 607 4190 loco
628 4125 759 4192 Stobaei
777 4122 824 4188 IX
842 4147 872 4208 p.
889 4123 961 4207 100,
981 4123 1035 4206 qui
1055 4145 1114 4207 pro
1132 4122 1289 4187 librorum

112 4229 218 4296 AOD
233 4231 327 4296 Mess
347 4234 452 4317 κυδρή
483 4254 594 4297 161666
628 4231 804 4316 sequentis,
836 4229 921 4314 quod
954 4230 1035 4294 abiit
1065 4230 1100 4294 in
1125 4231 1232 4313 κυδνή
1254 4230 1289 4293 111

113 4339 223 4422 paucis
253 4338 484 4403 recentioribus
514 4339 608 4403 libris
638 4336 736 4427 (idem
767 4337 887 4422 legitur
917 4336 953 4401 in
981 4336 1088 4401 Procli
1115 4334 1289 4422 lemmate),

113 4444 243 4510 exhibet
273 4447 382 4530 κεδνη.
436 4444 528 4520 Quod
560 4446 657 4510 etiam
692 4446 727 4510 in
755 4444 922 4509 Plutarchi
954 4445 1039 4509 libro
1074 4443 1173 4508 fuisse
1205 4443 1289 4507 effici

1022 4548 1073 4601 13ἷΙι
