2970 4980
378 325 420 378 De
440 324 561 394 Operum
579 325 705 380 versibus
724 326 760 380 ab
780 327 904 396 antiquis
923 327 1054 384 laudatis,
1237 329 1298 394 161

218 486 342 552 Versus
367 488 453 552 6-8
483 511 565 554 unus
592 490 702 554 laudat
729 489 793 554 Dio
816 491 837 555 l.
856 490 891 577 l,
913 491 1060 576 idemque
1084 515 1112 557 1.
1132 494 1151 557 6
1176 498 1208 557 et
1228 494 1245 556 7
1272 494 1307 558 in

133 595 279 660 oratione
306 594 412 660 LXIV
438 619 467 680 p.
488 595 598 660 594M
635 595 807 684 (siquidem
844 598 913 662 eius
950 597 1028 685 est);
1065 600 1121 664 ubi
1153 600 1305 666 exhibent

129 703 208 766 libri
235 701 351 767 Dionis
381 704 453 767 ub
488 702 574 781 ἀέξει
602 707 634 767 et
662 703 758 789 ἀίξει,
781 705 847 768 1.7
885 705 1005 790 quippei
1037 710 1069 770 et
1101 707 1304 794 1119111118

132 813 218 875 ναίει
244 813 275 874 et
294 813 367 875 νίει.
391 848 435 856 -
458 809 545 886 Quae
568 810 689 895 legitur
713 834 787 895 pars
806 835 833 875 v.
857 811 876 874 9
895 811 1004 895 Etym.
1024 811 1130 898 Magn.
1144 837 1174 899 p.
1191 815 1265 900 276,
1275 817 1304 899 8,

133 917 317 982 monuimus
346 939 443 1001 supra
462 940 491 1001 p.
509 918 549 981 78
578 940 648 981 eam
676 940 745 983 esse
768 941 806 982 ex
831 915 1046 983 Ohoerobosci
1070 920 1201 985 scholiis
1225 922 1304 1005 peti-

129 1027 210 1109 tam3
237 1024 346 1108 itaque
374 1046 440 1088 non
469 1027 544 1087 sunt
574 1025 669 1088 verba
693 1025 913 1110 Etymologici
943 1025 1089 1090 habenda
1117 1027 1188 1092 loco
1216 1029 1305 1093 testi-

128 1131 230 1194 monii
265 1130 397 1195 alterius
435 1131 611 1214 scriptoris.
671 1131 823 1196 Eiusdem
862 1154 974 1196 versus
1006 1134 1147 1217 priorem
1179 1140 1304 1218 partem

128 1238 239 1302 laudat
262 1242 395 1322 propter
419 1238 469 1302 dei
492 1238 751 1322 implorationem
770 1238 943 1304 scholiasta
962 1240 1002 1304 ad
1021 1239 1173 1324 Aeschyli
1193 1241 1304 1326 Suppl.

132 1345 182 1408 77.
197 1383 241 1391 -
255 1344 394 1409 Versum
413 1347 452 1410 10
466 1345 609 1411 laudavit
625 1345 675 1411 Ps.
690 1345 795 1411 Draco
811 1345 854 1433 (p.
871 1347 921 1410 89.
939 1345 1005 1434 14),
1018 1348 1108 1411 cuius
1123 1349 1221 1412 verba
1240 1348 1304 1432 ἐγὼ

129 1449 167 1516 db
183 1450 262 1538 unt,
276 1453 373 1517 etiam
389 1453 416 1516 si
431 1457 544 1518 contra
557 1459 696 1518 metrum
710 1476 775 1517 non
789 1454 939 1537 facerent,
952 1458 1059 1518 tamen
1078 1456 1235 1520 abicerem
1254 1456 1305 1521 vel

130 1559 296 1623 minimam
328 1560 542 1624 recentissimi
574 1561 715 1625 auctoris
745 1565 877 1645 propter
905 1562 1130 1626 auctoritatem
1158 1567 1190 1626 et
1218 1563 1304 1646 quod

128 1666 280 1730 facillime
304 1668 482 1751 explicatur
505 1667 687 1752 corruptela
710 1690 749 1732 ex
772 1667 1003 1752 pronuntiandi
1026 1669 1124 1733 verba
1142 1668 1197 1734 καὶ
1217 1673 1249 1733 et
1267 1666 1304 1733 κὲ

128 1795 217 1837 more
234 1772 496 1856 Byzantinorum.
533 1773 715 1839 Pronomen
728 1773 883 1838 Doricum
902 1775 984 1858 τύνη
999 1775 1131 1839 affertur
1146 1776 1180 1839 in
1194 1776 1303 1858 Etym.

128 1879 235 1964 Magn.
254 1902 284 1964 p.
305 1879 377 1944 314.
392 1880 435 1944 43
459 1880 599 1945 laudatis
623 1881 807 1944 novissimis
831 1881 939 1944 verbis
960 1904 1071 1945 versus
1089 1882 1167 1946 noni
1186 1883 1303 1965 primo-

130 2008 191 2070 que
207 2008 318 2051 versus
334 1986 462 2067 decimi;
481 1987 537 2070 qui
555 1987 644 2050 locus
658 2009 771 2071 nempe
789 1987 968 2052 doctrinam
987 1987 1132 2051 redolens
1153 1986 1203 2075 (cf.
1219 1989 1303 2052 enim

129 2093 340 2158 Eustathium
358 2118 389 2179 p.
408 2092 483 2158 573.
504 2095 560 2179 21,
590 2093 684 2158 1044.
704 2095 761 2179 42,
791 2094 885 2159 1359.
905 2093 963 2181 33)
995 2118 1060 2160 non
1097 2099 1146 2159 est
1182 2095 1303 2159 nullius

128 2200 233 2284 pretii.
275 2198 369 2266 Nihil
388 2201 576 2265 adiuvamur
594 2201 800 2287 testimoniis,
822 2201 879 2264 ubi
898 2224 948 2266 res
968 2203 1046 2266 item
1061 2203 1254 2286 estimenta,
1269 2203 1303 2266 in

128 2306 331 2372 diiudicanda
350 2307 539 2392 quaestione
561 2308 598 2371 de
617 2329 693 2372 voce
713 2306 837 2394 Πέρση,
855 2309 945 2372 cuius
964 2308 1035 2373 loco
1055 2307 1208 2373 exhibent
1226 2309 1303 2373 libri

127 2415 276 2480 nonnulli
301 2415 424 2502 Πέρσῃ.

702 2578 732 2642 2.

218 2698 371 2785 Sequitur
394 2724 469 2786 pars
493 2704 529 2767 τὸ
554 2704 601 2779 εἰς
615 2700 751 2785 Ἔριδας
774 2725 793 2765 a
816 2702 975 2766 Pausania
997 2707 1190 2786 nuncupata.

221 2807 341 2872 Versus
377 2811 415 2873 11
450 2808 600 2872 laudatur
628 2831 646 2872 a
678 2807 852 2872 Plutarcho
884 2809 919 2872 in
953 2806 1085 2874 Oonviv.
1122 2809 1300 2892 quaestion.

127 2938 157 3000 p.
179 2917 267 2981 tace
291 2911 379 3002 (edit.
403 2914 496 2979 Bern.
515 2913 572 2980 IV.
592 2913 687 3001 359),
714 2919 746 2978 et
769 2919 901 3000 propter
923 2915 1016 2979 illum
1039 2916 1214 2999 particulae
1238 2918 1301 2999 ἄρα

127 3044 223 3086 usum
240 3021 427 3087 Aristonico
447 3021 650 3106 Didymoque
670 3022 842 3104 probatum
862 3019 914 3107 (cf.
930 3043 1027 3104 supra
1040 3044 1070 3105 p.
1091 3021 1154 3086 126
1169 3025 1201 3085 et
1222 3021 1299 3108 144)

127 3130 161 3193 iu
180 3128 312 3194 scholiis
333 3129 511 3194 Homericis
535 3151 616 3213 quae
640 3128 789 3192 dicuntur
812 3128 937 3192 minora
960 3127 1001 3192 ad
1024 3132 1054 3191 P
1075 3127 1136 3193 147
1156 3126 1214 3214 Vl,
1237 3129 1298 3193 217

127 3237 174 3302 ed.
189 3236 232 3301 M.
253 3237 373 3321 absque
392 3236 566 3301 scholiasta
583 3234 751 3320 Apollonii
769 3233 889 3300 Rhodii
910 3235 949 3299 ad
963 3233 1075 3300 11438
1092 3233 1151 3322 (ed.
1166 3234 1301 3299 Merkel-

127 3341 225 3431 Keil).
270 3343 437 3408 immerito
457 3343 650 3428 quibusdam
669 3342 828 3406 Lucianus
847 3342 943 3406 aliam
962 3342 1131 3406 lectionem
1151 3342 1300 3406 exhibere

127 3455 177 3515 est
203 3451 292 3515 risus
320 3451 439 3515 iniuria
467 3450 536 3515 eius
567 3451 606 3514 ab
637 3449 759 3514 editore
786 3449 821 3512 in
844 3471 955 3513 versus
979 3449 1117 3514 redactis
1141 3450 1197 3536 eis,
1220 3472 1301 3533 quae

129 3562 205 3622 sunt
228 3559 330 3642 ipsius
353 3557 487 3623 Luciaui
511 3558 609 3623 verba
632 3579 728 3640 prosa
751 3555 897 3620 oratione
920 3555 1020 3641 dieta3
1043 3556 1171 3619 namin
1189 3556 1299 3621 Amor.

127 3689 156 3749 p.
171 3665 237 3738 439
261 3662 350 3753 (edit.
370 3662 637 3729 Sommerbrodtii
651 3662 685 3727 ΙΙ
700 3667 720 3728 2
735 3686 765 3747 p.
782 3661 838 3749 20)
867 3667 955 3748 post:
985 3664 1082 3726 δισσὰ
1110 3663 1172 3745 γὰρ
1196 3665 1300 3738 ὅντως

127 3773 209 3837 κατὰ
238 3774 297 3837 τὸν
320 3773 478 3855 τραγικὸν
501 3772 670 3856 πνεύματα
693 3782 771 3835 πνεῖ
792 3771 809 3836 ὁ
828 3768 950 3854 Ἔρως,
978 3767 1052 3844 ἑνὸς
1079 3765 1117 3832 dt
1139 3769 1301 3853 ὀνόματος

128 3877 188 3962 οὐχ
212 3877 310 3963 ὅμοια
332 3880 372 3942 τὰ
394 3879 488 3960 πάθη
499 3878 729 3960 Ικεκοινώνηκε
744 3929 750 3940 .
767 3929 772 3942 .
789 3929 794 3940 .
810 3875 851 3940 οὐ
874 3876 940 3960 μὴν
958 3872 1030 3940 οὐδ’
1047 3873 1186 3960 Ἐρίδων
1205 3875 1300 3959 γένος

128 3982 196 4049 ἐστὶ
220 3983 525 4068 ἕν,111111111111111111
548 3984 646 4048 verba
669 3987 782 4068 poetae
806 3986 997 4066 sequuntur:

813 4105 884 4173 ἀλλ’
911 4105 963 4172 ἐπὶ
987 4119 1087 4190 γαῖαν

341 4215 405 4283 εἰσὶ
429 4219 509 4301 δύω,
531 4221 593 4302 τὴν
615 4213 676 4302 μὲν
698 4215 761 4281 xci.

215 4341 306 4407 Adde
316 4341 625 4429 deniqueZonaram,
635 4342 690 4426 qui
700 4344 833 4425 propter
843 4339 1167 4425 vocabulumpoovov
1175 4340 1298 4425 placo

128 4472 256 4515 versum
287 4454 395 4515 totum
427 4450 577 4514 laudavit.
608 4487 652 4495 —
683 4447 722 4511 ln
745 4471 772 4512 v.
800 4447 840 4511 12
868 4445 945 4510 libri
972 4445 1123 4511 Hesiodei
1145 4447 1298 4512 exhibent

180 4565 395 4619 Dimitrijevio‚
409 4565 487 4606 studia
501 4564 623 4604 Hesiodea.
811 4585 814 4591 -
1053 4557 1083 4604 11
