2970 4980
472 324 585 379 Scholia
598 323 708 380 Veteris
727 323 897 395 interpretis.
1229 325 1270 388 79

97 488 138 553 ad
164 485 260 552 115
288 511 319 572 p.
342 488 401 573 48,
424 487 466 553 33
496 488 684 553 seclusimus
712 510 822 553 vocem
852 487 988 571 primam
1010 488 1211 574 ὑπερβατόν,
1234 493 1272 553 ut

96 595 272 680 vestigium
293 595 448 659 nimirum
466 593 769 678 Alexandrinorum,
793 594 879 678 quod
902 616 974 660 cum
998 595 1103 658 solum
1124 595 1272 660 rideatur
1380 679 1382 686 Ι

96 701 131 765 11
161 701 227 766 suis
255 701 349 766 libris
377 701 537 767 invenisse
566 702 766 767 collectionis
791 705 910 788 auctor,
931 723 1000 766 non
1022 705 1071 766 est
1094 703 1220 786 mirum,
1244 702 1272 766 si

97 829 165 874 non
192 809 232 873 ad
255 808 480 892 explicandum
503 810 633 895 signum
655 808 837 874 Aristarchi
860 809 1007 894 rettulit,
1020 808 1075 872 sed
1097 808 1272 874 immiscuit

96 915 321 1001 neglegentius
340 915 526 980 Proclianis.
547 915 732 980 —Veteris
752 915 864 979 deinde
881 916 1067 1000 interpretis
1087 920 1162 981 sunt
1180 940 1209 1000 p.
1229 916 1271 979 49

98 1044 144 1106 aa,
161 1045 242 1107 quae
256 1045 340 1087 unus
354 1023 453 1087 codex
467 1022 633 1087 Parisinus
648 1020 673 1088 0
694 1022 847 1108 serravit,
865 1023 904 1087 cf.
924 1021 1098 1087 Gaisfordii
1116 1027 1228 1088 notam
1243 1045 1273 1110 q,

99 1133 131 1194 et
150 1129 270 1213 inipso
284 1132 377 1193 textu
392 1151 472 1214 quae
487 1129 637 1216 graviora
652 1129 921 1194 11111120-23.
951 1128 1106 1193 Addenda
1121 1134 1198 1195 sunt
1211 1131 1274 1195 ior-

98 1240 194 1322 tasse,
218 1259 298 1321 quae
317 1235 433 1302 'l'zetza
456 1237 495 1301 de
512 1235 645 1301 Aeolica
666 1237 771 1301 forma
790 1235 946 1321 ἐρεβεννή
964 1236 1096 1319 praebet
1114 1260 1143 1321 p.
1163 1236 1216 1322 50,
1232 1238 1271 1301 11

98 1346 131 1407 61
153 1343 385 1428 Moschopulus
410 1344 448 1407 de
471 1367 533 1408 usu
555 1344 681 1428 poetico
704 1344 792 1408 vocis
815 1346 941 1409 πολλόν
963 1366 993 1426 p.
1012 1342 1065 1430 51,
1086 1344 1136 1408 11.
1156 1383 1197 1396 -
1222 1343 1274 1408 Ad

98 1473 128 1515 1.
148 1450 192 1514 20
202 1472 248 1535 sq.
272 1450 428 1515 traditum
452 1455 501 1515 est
524 1451 584 1515 sub
609 1452 716 1528 ἄλλως
739 1449 897 1515 scholium
920 1473 949 1533 p.
968 1449 1026 1535 52,
1046 1450 1165 1538 7-10,
1187 1451 1274 1535 quod

98 1558 291 1623 recentiores
320 1557 568 1641 exscripserunt.
619 1556 672 1622 Ad
694 1581 723 1622 1.
743 1558 785 1622 22
808 1557 988 1622 uberrimae
1011 1562 1088 1621 sunt
1111 1557 1149 1621 de
1174 1558 1273 1622 verbo

99 1664 281 1751 ἀρόμμεναι
318 1667 350 1728 61
388 1665 613 1749 grammaticae
647 1669 679 1728 et
706 1665 858 1729 metricae
886 1665 1139 1747 observationes,
1166 1664 1274 1729 minus

100 1794 119 1836 1
142 1769 257 1836 Tzetza
279 1772 449 1855 petendae,
480 1772 535 1856 qui
564 1794 631 1836 161
657 1771 761 1836 multa
788 1775 820 1836 61
848 1772 904 1836 1111
927 1771 1113 1836 dubitanter
1136 1772 1274 1856 protulit

99 1901 132 1962 p.
146 1877 199 1964 53,
209 1877 306 1962 3-5,
326 1878 381 1943 sed
400 1900 419 1942 a
436 1877 659 1962 Moschopulo,
681 1879 737 1962 qui
756 1901 890 1962 prorsus
909 1883 1021 1943 contra
1038 1901 1161 1944 morem
1180 1901 1275 1944 suum

99 1985 240 2069 plurima
263 1985 356 2049 affert
379 2009 409 2069 p.
429 1984 481 2069 53,
501 1985 618 2050 6-23,

97 2133 101 2140 -
188 2090 265 2157 Non
300 2092 407 2157 minus
439 2093 542 2157 multa
573 2093 690 2157 veteris
722 2094 923 2177 grammatici
955 2095 1033 2159 61111
1068 2094 1199 2159 fuerunt
1236 2094 1276 2158 ad

10 2197 14 2202 ⁷
99 2222 129 2264 1.
149 2200 193 2263 24
215 2200 253 2264 de
275 2221 353 2264 voce
376 2201 507 2284 ἄφενος.
552 2199 697 2263 Primum
720 2200 894 2285 vestigium
917 2201 1075 2265 cernimus
1098 2202 1132 2265 in
1151 2201 1274 2265 scholio

100 2330 132 2391 p.
151 2305 209 2394 54,
228 2306 329 2393 6-8,
352 2328 472 2392 errore,
499 2309 536 2370 ut
559 2306 698 2371 vidimus
722 2331 753 2391 p.
773 2304 829 2390 54,
856 2307 970 2372 Proclo
994 2308 1165 2391 adscripto.
1211 2307 1276 2371 Ex-

102 2412 237 2498 cipiunt,
260 2435 341 2498 quae
365 2416 441 2477 sunt
464 2413 502 2477 de
522 2413 757 2499 significatione
776 2416 808 2477 61
828 2413 951 2499 origine
969 2413 1058 2478 vocis
1077 2413 1223 2497 pleniora
1240 2414 1276 2476 in

103 2520 226 2585 scholio
245 2519 378 2584 Tuetzae
396 2543 428 2603 p.
447 2518 499 2604 54,
519 2519 636 2584 9-17.
682 2519 849 2584 Accedunt
868 2524 1015 2585 auctores
1034 2520 1143 2604 Etym.
1163 2520 1275 2606 Magni

101 2651 132 2712 p.
146 2628 219 2714 177,
233 2626 276 2691 53
291 2630 324 2690 61
339 2624 477 2690 Gudiani
488 2626 626 2713 p.95,52
636 2631 669 2691 et
679 2627 767 2713 pel,
778 2629 798 2692 9
810 2649 848 2692 ex
863 2627 973 2691 eodem
982 2627 1072 2691 fonte
1081 2627 1276 2711 haurientes,

102 2734 156 2798 sed
184 2733 353 2800 Tzetziana
385 2736 538 2818 augentes
567 2734 662 2817 copia
689 2734 917 2818 exemplorum.
976 2731 1172 2798 Sorbonicus
1199 2756 1275 2799 1616
1306 2785 1312 2793 .

102 2841 201 2906 codex
224 2840 321 2905 unius
345 2839 459 2904 saltem
478 2840 655 2906 sententiae
674 2844 833 2906 auctorem
854 2840 1046 2905 nominatim
1065 2841 1165 2905 affert.
1202 2840 1276 2904 Par-

102 2969 159 3012 cus
182 2950 295 3012 contra
317 2947 379 3011 hoc
401 2946 473 3011 loco
496 2947 560 3011 fuit
577 2946 809 3032 Moschopulus
827 2972 859 3032 p.
873 2947 926 3031 54,
940 2946 1037 3033 2-5,
1055 2951 1163 3010 tamen
1184 2967 1276 3030 pecu-

102 3054 196 3119 liaria
229 3054 384 3139 quaedam
416 3075 455 3118 ex
487 3055 648 3119 communi
684 3055 774 3119 fonte
807 3054 859 3119 hic
891 3076 1019 3139 quoque
1054 3054 1208 3138 serravit,
1244 3056 1277 3116 et

104 3161 233 3246 quidem
255 3160 294 3225 de
313 3181 428 3246 genere
447 3160 603 3224 vocabuli.
649 3160 782 3246 Eadem,
801 3160 856 3224 sed
875 3164 968 3224 aucta
988 3160 1142 3244 apposuit
1160 3160 1277 3224 Eusta-

102 3269 191 3333 thius
215 3267 255 3332 ad
276 3265 513 3351 1111661162,
532 3267 730 3351 39-63,16
750 3265 873 3351 6111111,
894 3267 950 3350 111,
973 3271 1010 3331 ut
1034 3289 1073 3331 ex
1093 3267 1217 3352 sylloge
1236 3267 1276 3330 ab

103 3376 175 3440 aliis
199 3374 265 3438 illis
288 3375 413 3439 diversa
436 3397 509 3438 eum
532 3373 678 3439 hausisse
702 3375 745 3438 sit
768 3377 929 3460 apertum,
953 3374 1105 3458 quoniam
1127 3373 1162 3436 11
1185 3376 1277 3456 parte

104 3482 212 3566 priore
231 3481 376 3565 exempla
396 3481 514 3568 omisit,
533 3481 628 3565 plura
645 3481 744 3545 habet
761 3481 797 3544 in
814 3481 1059 3566 posterioribus,
1079 3479 1175 3544 sicuti
1192 3479 1277 3543 idem

103 3589 212 3674 priore
238 3588 311 3652 loco
337 3609 405 3652 161
431 3587 610 3652 nominavit
639 3590 802 3652 auctorem
830 3587 936 3671 illum,
965 3608 1060 3671 quem
1087 3584 1277 3668 111111116-

103 3695 210 3781 logico
238 3693 434 3781 invenimus,
462 3694 574 3758 deinde
601 3716 677 3758 1616
704 3694 858 3759 indicavit
880 3694 987 3758 alium.
1035 3691 1132 3756 Vides
1155 3711 1278 3774 rursus,

105 3824 202 3887 quam
225 3801 400 3866 varisium
422 3801 546 3885 pridem
567 3801 603 3864 11
625 3823 686 3865 usu
708 3801 829 3865 fuerint
852 3802 1009 3884 excerpta.

195 3907 375 3972 Delendum
394 3929 463 3972 esse
481 3909 589 3985 ἄλλως
606 3931 636 3991 p.
651 3906 703 3992 54,
718 3908 759 3971 21
779 3907 845 3971 iam
863 3906 929 3970 dixi
947 3928 1044 3989 supra
1057 3929 1089 3989 p.
1103 3904 1156 3969 54.
1193 3903 1278 3969 Ano-

105 4016 196 4100 nymi
219 4018 327 4080 autem
351 4019 427 4080 sunt
446 4015 614 4080 Tuetziana
638 4014 677 4079 ad
695 4037 723 4078 v.
739 4013 791 4096 26,
812 4037 843 4097 p.
858 4011 901 4097 55
921 4017 1045 4077 etcum
1062 4011 1114 4076 his
1133 4034 1178 4098 ea,
1198 4032 1278 4097 quae

105 4123 195 4188 illius
229 4122 322 4208 signo
354 4125 510 4187 notantur
537 4145 568 4205 p.
592 4119 650 4205 55,
673 4118 818 4204 34-56,
842 4118 871 4183 5.
925 4118 1014 4183 Η166
1041 4118 1279 4200 exscripserunt

104 4229 221 4294 Tnetza
243 4251 273 4314 p.
293 4228 346 4313 56,
370 4231 481 4292 auctor
504 4227 613 4311 Etym.
632 4226 744 4311 Magni
763 4250 794 4310 p.
813 4226 888 4311 484,
906 4226 949 4289 46
975 4223 1116 4313 (servato
1134 4225 1186 4288 161
1203 4223 1279 4287 lem-

104 4338 192 4400 mate
214 4338 416 4421 κακόχαρτος
443 4333 536 4422 ἔρις),
561 4337 672 4398 auctor
694 4332 803 4417 Etym.
827 4331 1007 4397 Florentini
1025 4356 1056 4416 p.
1078 4329 1140 4396 175
1165 4327 1279 4417 (appo-

106 4443 168 4508 sito
186 4443 259 4528 ipso
278 4440 402 4528 versu);
421 4441 566 4525 pleniora
588 4440 741 4526 leguntur
764 4439 799 4503 in
816 4439 925 4524 Etym.
941 4438 1086 4503 Gudiano
1105 4462 1136 4523 p.
1147 4436 1226 4522 293,
1236 4436 1278 4500 23
