2970 4980
179 315 198 379 8
418 313 560 379 Quantum
578 312 706 367 noverint
725 312 836 382 antiqui
852 308 972 367 lectores
992 328 1111 367 carmen.

267 477 379 543 Finem
404 476 520 541 faciam
541 475 638 540 huius
661 475 776 560 partis,
805 476 832 540 si
854 497 955 559 pauca
978 475 1086 540 dixero
1111 476 1149 539 de
1170 475 1348 540 Prooemio.

178 585 249 650 Hoc
270 585 355 649 enim
375 606 447 649 cum
461 583 616 648 traditum
632 582 675 646 sit
692 582 785 646 obelo
799 583 963 647 notavisse
976 579 1210 669 Aristarchum,
1224 585 1349 647 constat

85 683 88 688 ¹
177 692 271 756 illum
293 692 422 757 novisse
445 712 499 754 eos
521 711 641 754 versus.
678 688 766 753 Idem
790 690 875 754 valet
898 694 931 754 et
950 690 987 753 de
1006 690 1062 773 eis,
1085 711 1167 773 quae
1186 689 1223 753 de
1241 687 1349 752 Praxi-

179 798 283 882 phane
311 798 345 861 in
374 797 505 862 scholiis
529 793 728 883 leguntur¹):
757 797 866 881 ὥσπερ
889 797 984 861 ἄλλοι
1006 819 1041 861 τε
1064 795 1119 861 καὶ
1141 794 1350 882 Ἀρίσταρχος

179 905 336 990 ὀβελίζων
368 907 447 980 τοὺς
479 907 625 987 στίχους,
657 901 713 968 καλ
741 902 959 989 Πραξιφάνης
992 904 1010 969 ὁ
1040 913 1100 968 τοῦ
1133 901 1350 986 Θεοφράστου

179 1012 344 1096 μαθητής,
377 1007 460 1094 μηδὲ
486 1019 585 1075 τοῦτο
614 1008 809 1093 ἀγνοοῦμεν.
855 1005 952 1087 οὗτος
978 1008 1091 1094 μέντοι
1118 1007 1173 1073 καὶ
1201 1007 1350 1092 ἐντυχεῖν

181 1134 284 1202 φησιν
311 1117 557 1205 ἀπροοιμιαστῷ
585 1125 630 1206 τῷ
658 1119 777 1205 βιβλίῳ
805 1116 860 1181 καὶ
885 1115 1054 1206 ἀρχομένῳ
1078 1114 1178 1204 χωρὶς
1200 1125 1259 1200 τῆς
1282 1114 1350 1180 ἐπι-

179 1227 324 1308 κλήσεως
346 1234 414 1288 τῶν
436 1227 588 1287 Μουσῶν
611 1221 781 1288 ἐντεῦθεν·
821 1222 892 1287 Οὐκ
914 1224 978 1309 ἄρα
1001 1232 1129 1306 μοῦνον
1151 1219 1214 1286 κτὲ.
1259 1219 1351 1297 Quod

180 1334 229 1395 est
253 1330 487 1416 gravissimum.
523 1327 637 1393 Fuisse
660 1332 794 1413 apparet
816 1328 1030 1412 Praxiphanis
1054 1331 1159 1393 aetate
1182 1326 1351 1412 ἀκέφαλον

180 1438 320 1522 aliquem
353 1436 481 1501 librum.
526 1433 657 1522 „Simile
690 1435 849 1519 quoddam
881 1434 939 1523 (sc.
972 1433 1147 1522 exemplar)
1174 1433 1352 1499 Pausaniae

179 1547 404 1609 monstrarunt
440 1542 555 1607 Boeoti
587 1541 772 1607 Heliconii“
808 1542 890 1607 dixit
927 1543 962 1606 in
998 1541 1223 1606 dissertatione
1234 1539 1261 1628 2)
1293 1563 1352 1605 sua

180 1651 342 1738 Heyerus,
368 1650 452 1714 inter
479 1649 621 1733 reliquos
646 1649 686 1712 ad
708 1671 819 1713 verum
841 1650 1015 1733 proximus.
1062 1646 1124 1713 Sed
1146 1670 1201 1713 cur
1226 1646 1352 1711 simile

180 1756 328 1820 tantum?
375 1755 492 1831 Quidni
524 1756 610 1820 dicas
638 1756 911 1840 idemipsum?
957 1753 1109 1821 Credisne
1138 1754 1176 1818 de
1202 1754 1351 1840 gregario

183 1862 328 1947 quolibet
355 1861 440 1926 libro
468 1862 566 1927 verba
592 1862 752 1926 facturum
775 1862 876 1927 fuisse
899 1861 1114 1945 Theophrasti
1138 1860 1351 1944 discipulum?

180 1967 297 2034 Nonne
319 1969 428 2052 potius
448 1969 486 2033 de
505 1990 552 2054 eo,
575 1969 665 2033 cuius
685 1969 858 2055 singularis
876 1969 1031 2053 quaedam
1051 1969 1226 2033 auctoritas
1245 1968 1351 2032 esset?

181 2073 227 2138 At
251 2075 314 2139 fuit
338 2075 413 2139 talis
436 2075 605 2159 plumbeus
627 2076 681 2141 ille
699 2077 735 2140 in
752 2075 919 2141 Helicone:
942 2075 995 2140 hic
1012 2076 1097 2140 inter
1115 2073 1353 2140 vetustissimae

180 2181 353 2247 memoriae
380 2186 589 2247 monumenta
610 2169 802 2267 habebatur,
832 2183 917 2248 hunc
941 2182 1067 2247 credere
1089 2181 1164 2246 licet
1187 2203 1260 2245 oum
1283 2181 1354 2245 reli-

181 2288 277 2374 gione
306 2289 443 2372 quadam
470 2294 507 2353 ut
532 2289 719 2354 thesaurum
743 2291 902 2374 quendam
925 2289 1135 2354 custodivisse
1157 2288 1353 2353 Heliconios.

182 2393 248 2459 Cur
278 2399 385 2459 autem
413 2396 529 2461 afuerit
557 2420 576 2460 a
602 2397 725 2461 famoso
754 2398 817 2462 isto
845 2397 930 2462 libro
960 2396 1178 2479 Prooemium,
1211 2416 1277 2459 non
1305 2398 1353 2459 est

182 2502 328 2567 dubium:
353 2503 566 2587 displicebant
589 2502 766 2568 Heliconiis
789 2509 927 2568 Μοῦσαι
951 2500 1177 2590 Πιερίηθεν.3)

255 2613 334 2690 'sed
368 2628 432 2691 iam
463 2628 580 2692 missos
611 2627 765 2692 faciamus
798 2650 869 2692 cum
896 2627 1100 2711 Prariphane
1126 2625 1354 2712 Atheniensem

182 2733 450 2817 progrediendum
472 2738 521 2798 est
545 2735 585 2798 ad
608 2735 713 2818 prisca
735 2735 801 2798 fere
822 2738 968 2818 tempora
987 2734 1218 2817 obscuramque
1236 2755 1354 2797 memo-

182 2840 272 2904 riam.
310 2838 406 2904 Oerta
423 2840 477 2905 hic
494 2841 679 2906 testimonia
696 2841 765 2906 noli
781 2845 977 2925 exspectare:
997 2840 1143 2926 cogimur
1157 2840 1355 2924 acquiescere

183 2946 217 3010 in
240 2946 477 3011 imitationibus
499 2951 669 3031 poetarum
691 2951 843 3012 veterum.
880 2948 949 3024 Qua
972 2947 1007 3013 in
1029 2971 1064 3013 re
1087 2947 1142 3012 vir
1160 2946 1355 3011 monendum

183 3053 245 3117 erit
272 3075 376 3137 neque
404 3054 483 3118 satis
510 3055 632 3119 multos
660 3057 757 3119 testes
781 3058 919 3119 aetatem
942 3055 1056 3119 tulisse
1077 3075 1181 3138 neque
1204 3053 1354 3118 carminis

183 3158 335 3223 Hesiodei
366 3163 516 3225 naturam
548 3183 619 3225 eam
651 3183 732 3246 esse,
765 3166 801 3225 ut
832 3184 889 3246 per
922 3178 1032 3226 omnes
1063 3161 1214 3226 carminis
1246 3164 1355 3243 partes

183 3266 363 3331 imitatores
391 3267 518 3332 alliciat.
563 3267 767 3333 Prooemium
796 3272 902 3333 autem
928 3290 1013 3333 nunc
1036 3271 1085 3332 est
1108 3289 1240 3351 prorsus
1264 3288 1355 3350 sepo-

183 3373 335 3438 nendum:
364 3373 477 3458 hymni
504 3375 590 3439 enim
617 3375 666 3439 illi
694 3375 890 3440 carminibus
916 3374 1092 3439 maioribus
1115 3373 1237 3458 praevii
1261 3374 1355 3457 quasi

184 3501 223 3543 ex
246 3481 408 3544 communi
431 3482 568 3565 quadam
589 3485 756 3566 poetarum
775 3482 973 3566 supellectile
992 3481 1135 3566 depromi
1154 3480 1268 3545 solitos
1287 3503 1355 3545 esse

185 3585 264 3649 satis
287 3608 397 3651 omnes
421 3587 547 3653 scimus.

275 3871 300 3938 1)
319 3868 433 3933 Proclus
452 3867 483 3922 in
500 3868 705 3939 prolegomenis
724 3876 784 3939 p.4
803 3870 845 3924 ed.
866 3868 953 3924 Gaisf.

274 3978 300 4045 2)
319 3975 377 4044 „De
405 3975 527 4029 carmine
555 3974 672 4030 Hesiodi
699 3976 775 4045 quod
801 3975 964 4031 inscribitur
993 3975 1084 4046 Opera
1111 3978 1140 4031 et
1167 3975 1251 4030 Dies“¹
1276 3981 1353 4033 1848.

184 4061 257 4117 Huic
280 4062 377 4118 libello
401 4063 530 4119 nonnihil
549 4064 690 4119 debemus.
724 4065 802 4119 Idem
820 4065 898 4120 valet
915 4065 946 4118 in
963 4064 1067 4119 librum
1085 4066 1118 4121 A.
1138 4064 1261 4135 Steitzii,
1285 4065 1354 4134 „Die

184 4151 288 4205 Werke
307 4152 365 4205 und
384 4153 460 4222 Tage
479 4154 528 4207 des
547 4152 702 4208 Hesiodos“
720 4153 836 4224 Leipzig
855 4159 932 4209 1869,
1418 4154 1422 4162 ’

275 4260 301 4328 3)
320 4257 432 4313 Summo
461 4277 524 4313 cum
551 4259 655 4330 gaudio
683 4260 780 4316 audivi
808 4261 926 4316 eandem
954 4251 1124 4325 sententiam
1150 4260 1301 4331 protulisse
1325 4261 1355 4315 in

186 4345 289 4401 scholis
323 4345 380 4400 suis
413 4345 500 4402 etiam
528 4348 559 4403 0.
582 4348 780 4405 immischium.
823 4348 915 4404 Simili
942 4350 1026 4404 modo
1053 4352 1154 4420 postea
1180 4349 1240 4404 vidi
1268 4350 1355 4404 etiam

184 4435 307 4491 Leonem
324 4435 354 4489 in
372 4435 465 4491 indice
484 4435 663 4507 Gottingensi
682 4443 751 4494 1894
769 4438 843 4494 hanc
862 4438 1031 4494 sententiam
1049 4439 1260 4509 approbantem.
