2970 4980
363 299 405 355 De
424 301 546 371 Operum
564 300 691 356 versibus
710 301 747 356 ab
766 301 891 372 antiquis
910 302 1041 358 laudatis.
1231 305 1294 370 193

119 467 230 550 λιμόν,
253 469 303 530 444
327 485 416 529 error
438 463 692 549 Byzantinorum
716 488 805 531 more
835 471 978 551 pronunt
964 468 1067 531 tiandi
1098 468 1294 555 perspicuus,

118 569 338 657 Plutarchum,
360 570 514 636 scholiast
500 575 567 636 tam
585 571 681 638 Hom
701 573 794 637 4407
816 570 862 660 (11
882 571 1021 662 clm)
1042 580 1078 639 Π
1095 574 1159 639 385
1180 573 1293 661 (44444

119 677 193 743 min.
214 678 270 765 VI,
291 679 352 743 187
364 677 431 766 Μ.),
453 678 505 744 Ρ4.
524 672 771 765 Dracontemp
792 680 905 766 63,12
928 680 1103 746 Herm.—
1127 681 1175 747 De
1198 684 1294 748 versi-

117 785 179 848 bus
204 785 268 850 244
292 790 324 850 44
348 784 413 849 245
437 790 486 850 444
509 786 599 851 44444
622 785 730 852 Procli
752 810 782 871 p.
805 788 878 874 178,
898 791 927 874 7,
950 787 988 852 44
1012 811 1075 873 quo
1104 790 1168 854 iam
1197 813 1294 874 supra

118 893 215 957 verba
238 893 370 965 fecimus
389 916 418 977 p.
441 893 512 956 102.
558 891 624 957 Ubi
643 893 735 958 docet
753 893 809 958 ille
828 893 1069 979 coniungendos
1089 917 1158 960 esse
1181 919 1208 960 v.
1229 896 1293 959 243

117 999 237 1064 4246
262 1000 403 1064 excussis
427 998 561 1079 duobus,
585 1022 666 1084 quae
689 1000 841 1064 intersint
846 1000 1043 1085 ,additquez
1072 1003 1158 1068 οὕτω
1183 1005 1294 1068 Πλού-

117 1131 245 1192 ταρχος.
291 1106 435 1183 Quorum
463 1107 634 1171 vorborum
663 1105 780 1191 duplex
813 1051 964 1171 4444444
929 1112 1106 1193 mtterpre
1107 1109 1163 1174 444
1209 1108 1293 1174 Ν4ι4

117 1217 173 1277 444
195 1214 271 1279 44444
295 1214 407 1278 addere
431 1217 524 1298 φησί,
547 1217 603 1278 444
622 1235 661 1277 ex
681 1214 736 1300 444,
760 1236 840 1299 quae
859 1215 1054 1298 praecedunt
1073 1213 1141 1302 (dat
1159 1213 1195 1281 (44
1214 1235 1293 1283 συν-

117 1322 232 1388 άπτειν
259 1319 356 1408 autb
389 1322 556 1386 συνάπτει.
602 1319 688 1384 44444
715 1321 743 1385 44
771 1322 822 1404 fit,
852 1321 958 1405 sequit
958 1345 1010 1407 ur,
1037 1325 1074 1385 ut
1101 1321 1292 1388 Plutarchus

116 1430 231 1514 legerit
254 1450 365 1494 versus
389 1428 455 1492 244
478 1433 510 1493 44
534 1426 598 1491 245
618 1465 661 1474 -
680 1428 774 1493 aliter
797 1428 879 1492 nihil
903 1428 1083 1493 diceret-
1101 1429 1293 1514 disertisque

116 1536 223 1601 verbis
250 1540 373 1622 pugnet
403 1558 475 1600 cum
503 1535 588 1620 aliis,
622 1557 703 1619 quos
731 1535 840 1600 iubeat
868 1536 1061 1621 coniungere
1088 1536 1198 1620 potius
1227 1537 1292 1601 243

116 1646 150 1707 44
167 1643 246 1729 2463
263 1642 326 1707 hoc
345 1644 373 1707 si
391 1647 497 1707 mente
516 1643 672 1728 addimus,
689 1665 756 1707 non
773 1643 952 1707 necessario
972 1643 1057 1707 idem
1076 1643 1291 1730 concluditur,

116 1773 201 1835 nam,
223 1750 251 1814 si
274 1750 462 1834 simpliciter
486 1749 604 1814 dicitur
628 1750 821 1835 coniungere
840 1749 1032 1814 Plutarchus
1053 1750 1207 1835 quosdam
1225 1773 1292 1815 ver-

117 1879 181 1941 sus,
204 1878 270 1922 non
288 1861 336 1921 est
353 1879 481 1922 necesse
503 1856 630 1921 noverit
654 1855 742 1921 alios.
776 1856 877 1932 Quam
891 1857 931 1921 ad
949 1857 1040 1922 litem
1059 1858 1292 1923 diiudicandum

116 1964 206 2028 adest
224 1963 408 2050 Aeschines,
431 1964 516 2048 apud
535 1986 630 2048 quem
654 1967 685 2028 et
704 1964 811 2048 ipsum
834 1964 951 2029 desunt
969 1987 1089 2050 versus,
1113 1965 1151 2030 de
1174 1965 1291 2050 quibus

115 2093 167 2137 res
191 2075 248 2136 est.
295 2070 386 2148 Quod
414 2093 544 2136 rursum
572 2074 682 2155 potest
712 2072 833 2136 factum
861 2093 930 2136 esse
962 2072 1086 2136 duabus
1114 2073 1152 2136 de
1175 2072 1292 2136 causis:

116 2184 173 2243 aut
195 2201 271 2243 casu
303 2178 358 2242 ille
388 2200 443 2243 eos
474 2178 597 2264 omisit,
628 2181 683 2242 aut
716 2178 804 2262 quod
825 2200 892 2242 non
921 2179 1022 2243 novit.
1070 2178 1131 2243 Sed
1154 2184 1292 2264 utroque

114 2285 187 2350 loco
210 2290 394 2370 comparato
419 2285 483 2349 iam
505 2307 585 2371 444,
617 2284 745 2369 opinor,
776 2289 825 2350 est
848 2284 995 2370 dubium,
1028 2289 1102 2349 utra
1124 2286 1292 2370 utriusque

115 2393 339 2477 interpretatio
363 2392 406 2457 sit
429 2391 649 2477 praeferenda:
672 2395 785 2455 neuter
808 2391 936 2476 legebat
954 2414 1065 2456 versus
1088 2413 1166 2455 usus
1190 2414 1292 2456 exem·

115 2500 199 2584 plari
222 2500 354 2565 alterius
374 2499 579 2586 recensionis,
602 2522 620 2563 a
644 2521 708 2584 quo
728 2499 869 2562 aberant.
917 2497 1008 2573 Quod
1031 2520 1103 2562 cum
1127 2499 1170 2562 sit
1194 2499 1291 2563 stabi-

115 2607 224 2693 litum,
247 2606 335 2671 vides
360 2628 424 2691 quo
448 2606 517 2671 iure
540 2629 638 2690 supra
661 2606 706 2671 444
729 2606 823 2693 44444,
849 2604 908 2669 uhi
931 2605 1098 2669 recedebat
1121 2604 1290 2670 Aeschinis

115 2718 224 2779 textus
249 2738 268 2779 4
290 2714 436 2779 codicum
458 2713 693 2778 Hesiodeorum
716 2717 822 2800 textu,
850 2735 917 2777 non
940 2713 1137 2796 corruptelas
1161 2713 1291 2779 subesse

116 2821 303 2887 recentioris
322 2821 437 2886 aetatis
458 2821 612 2905 suspicati
627 2821 737 2907 simus,
760 2822 815 2885 sed
833 2821 938 2885 varias
957 2820 1120 2884 lectiones.
1143 2858 1180 2866 -
1203 2818 1290 2884 Idem

115 2929 201 2993 cadit
224 2929 258 2993 in
281 2952 309 2993 v.
329 2929 404 3011 247,
427 2928 484 3012 qui
507 2932 557 2993 est
580 2927 665 3012 apud
688 2927 893 2992 Aeschinem:

205 3037 224 3121 ἢ
249 3036 326 3113 νέας
349 3034 385 3101 ἐν
408 3040 518 3125 πόντῳ
542 3033 832 3127 444444(4)υται
858 3035 1030 3120 εὐρύοπα
1055 3036 1165 3120 Ζεύς,

115 3143 150 3208 44
168 3143 330 3209 codicibus
349 3141 517 3207 Hesiodeis
536 3165 609 3207 cum
627 3144 755 3228 legatur
774 3195 780 3208 .
801 3195 829 3208 ..
848 3145 958 3232 πόντῳ
979 3144 1180 3228 Κρονίδης
1196 3142 1289 3209 ἀπο-

113 3254 294 3316 τίννυται
318 3247 375 3338 (O,
402 3251 596 3315 droctoveus
615 3249 661 3338 D)
690 3251 825 3316 αὐτῶν.
875 3247 961 3314 Nam
991 3253 1117 3313 textum
1145 3250 1290 3315 codicum

115 3357 232 3423 abiisse
250 3358 285 3421 44
303 3356 517 3422 Aeschineum
535 3360 669 3442 propter
686 3379 816 3422 versum
830 3356 904 3442 239,
923 3378 1019 3440 quam
1037 3358 1175 3422 maxime
1193 3381 1290 3446 neg03

114 3465 204 3529 nulla
225 3463 395 3530 intercedit
417 3464 502 3529 inter
525 3487 598 3528 eum
621 3486 811 3548 versumque
834 3463 898 3527 247
923 3462 1111 3531 similitudo

96 3642 99 3647 ,
203 3569 281 3636 Inde
300 3594 318 3635 a
338 3593 364 3635 v.
384 3569 447 3635 251
472 3571 589 3635 iterum
612 3571 723 3635 licebit
745 3570 794 3634 uti
818 3571 1002 3635 adiumento
1024 3571 1101 3635 libri
1119 3574 1289 3656 papyracei

116 3675 183 3766 (A),
207 3679 298 3744 cuius
321 3679 501 3763 fragmenta
523 3678 559 3742 in
581 3699 665 3763 pago
688 3676 814 3762 Faijcm
843 3677 973 3741 inventa
997 3676 1096 3741 edidit
1119 3700 1182 3760 qua
1206 3680 1288 3744 solet

114 3784 282 3871 diligentia
295 3784 473 3850 Wesselius
481 3782 506 3871 ¹)
530 3784 714 3869 optimeque
732 3780 924 3871 4444444444)
947 3783 1086 3847 contulit
1104 3805 1176 3848 cum
1194 3785 1287 3849 libris

114 3890 292 3957 Hesiodeis.
338 3891 447 3977 Atque
469 3895 554 3956 recte
573 3891 715 3956 ostendit
738 3891 787 3956 vir
806 3890 1011 3956 doctissimus
1030 3894 1155 3956 textum
1174 3893 1288 3977 papyri

115 4020 183 4064 esse
203 3997 345 4063 eiusdem
363 3991 557 4063 recensionis
577 4002 673 4082 atque
691 4003 877 4063 nostrorum
896 3997 1068 4085 librorum,
1090 3999 1144 4063 sed
1162 3998 1201 4063 de
1220 3999 1288 4062 eius

114 4105 308 4171 recensionis
332 4107 456 4191 origine
478 4105 605 4169 videtur
628 4127 763 4191 errasse,
791 4128 854 4189 qua
882 4105 920 4168 de
942 4127 977 4168 re
999 4105 1084 4170 infra
1107 4105 1287 4189 disputabo.

205 4356 232 4424 1)
249 4353 383 4408 Mittheil.
398 4371 448 4407 aus
464 4352 514 4407 der
523 4352 637 4408 Samml.
653 4353 702 4407 der
716 4352 782 4422 Pap.
798 4352 878 4407 Erzh.
894 4352 1157 4422 Rainer1887,1p.
1174 4357 1284 4406 73-82.

203 4445 231 4512 2)
249 4441 364 4497 Wiener
383 4442 460 4496 siud.
476 4442 502 4495 X
514 4460 541 4510 p.
557 4447 607 4495 261
619 4459 688 4512 444,
708 4440 852 4511 symbolae
870 4443 951 4514 Prag.
968 4441 1020 4496 sub
1039 4442 1130 4497 finem.

168 4542 382 4595 Dlmltrijavit,
396 4541 474 4583 studia
487 4541 609 4581 Hesiodea.
1041 4537 1074 4584 18
