2970 4980
416 312 458 367 De
477 312 633 370 Aristarchi
652 315 681 371 in
699 316 854 374 Hesiodum
872 321 1087 377 commentariis.
1274 327 1338 391 119
1422 393 1425 399 ,

161 473 236 560 κτὲ.,
260 480 372 542 contra
393 475 572 543 Parisinus:
594 476 829 566 Ἀργειφόντης
845 485 935 571 παρὰ
953 485 990 549 τὸ
1010 482 1159 572 ἐναργεῖς
1177 490 1234 565 τὰς
1252 514 1336 574 φαν-

161 585 276 660 τασίας
302 595 424 668 ποιεῖν,
457 585 502 661 ὥς
534 601 639 668 φησιν
662 583 842 665 Ἀλεξίων
873 588 937 654 καὶ
966 584 1116 678 Ἀρχίας
1147 592 1210 658 καὶ
1238 593 1335 680 Ἀρί-

162 705 342 777 σταρχος;
365 695 398 756 et
419 691 456 755 in
477 696 616 776 utroque
634 691 719 757 libro
743 691 840 781 (Gud.
863 718 892 779 p.
914 696 966 784 71,
979 695 1037 782 41,
1059 696 1150 763 Paris
1164 699 1186 764 l.
1199 699 1234 788 l.)
1258 701 1335 788 legi-

159 799 230 861 tur:
245 793 494 884 Ἀργειφόντης.
513 799 602 886 παρὰ
621 800 657 864 τὸ
678 799 829 887 ἐναργιίν
849 800 933 889 (lege
948 840 989 848 -
1005 802 1066 891 είς)
1080 806 1139 883 τὰς
1152 812 1335 890 φαντασίας

159 915 280 969 ποιεῖν.
335 904 457 981 οὑτως
489 899 608 990 εὗρον
640 904 677 971 ἐν
709 908 892 992 ὑπομνήσει
921 907 1089 976 Ἡσιόδου.
1147 911 1225 977 Post
1257 913 1335 978 haec

160 1009 311 1075 omnibus
342 1009 423 1075 locis
455 1011 633 1076 afferuntur
666 1014 844 1079 sententiae
876 1015 1013 1080 aliorum
1043 1020 1335 1107 grammaticorum,

159 1115 248 1181 velut
275 1116 407 1201 Didymi
434 1121 466 1183 et
494 1118 685 1202 Tryphonis.
735 1118 834 1185 Recte
863 1142 936 1186 cum
964 1123 1032 1187 sine
1056 1123 1153 1189 dubio
1178 1126 1334 1193 vidissent

158 1223 372 1288 Waeschkius
405 1228 437 1289 et
468 1223 618 1290 Flachius
651 1225 724 1290 illas
756 1227 834 1292 duas
868 1229 1042 1294 sententias
1075 1252 1114 1294 ex
1146 1253 1211 1296 uno
1244 1233 1334 1299 fonte

157 1329 360 1419 profluxisse,
382 1331 437 1396 ille
461 1333 658 1416 approbante
681 1332 813 1398 Flachio
837 1333 923 1399 hunc
940 1336 976 1399 in
993 1334 1124 1401 modum
1143 1337 1333 1423 disputavit:

158 1438 194 1501 in
217 1438 355 1522 quadam
377 1439 560 1524 ὑπομνήσει
584 1440 683 1505 fuisse
707 1440 780 1504 illas
803 1439 971 1507 Alexionis
995 1440 1132 1508 Archiae
1151 1442 1332 1511 Aristarchi

158 1544 348 1628 sententias3
375 1545 465 1611 cuius
495 1546 571 1611 libri
596 1548 652 1631 qui
675 1551 787 1612 auctor
810 1551 908 1632 esset,
935 1570 995 1613 nos
1018 1550 1146 1633 quidem
1168 1551 1331 1640 ignorare3

158 1650 214 1715 sed
241 1650 279 1715 de
307 1649 427 1716 Archia
454 1652 506 1717 vel
533 1653 570 1717 de
597 1651 754 1718 Alexione
782 1675 854 1718 cum
881 1655 946 1719 tale
975 1655 1149 1740 quidquam
1175 1657 1332 1723 traditum

156 1779 225 1823 non
247 1763 331 1823 esset
349 1757 398 1846 (at
417 1759 455 1824 de
474 1758 701 1848 Aristarchei)
719 1783 823 1845 neque
842 1765 936 1849 esset,
958 1783 1014 1827 cur
1033 1762 1181 1828 alterutri
1198 1763 1231 1828 id
1250 1787 1331 1850 opus

157 1864 423 1952 adscriberemus,
449 1866 521 1931 fieri
540 1867 720 1932 .verisimile
744 1869 932 1953 ὑπόμνησιν
959 1870 1171 1954 conscriptam
1199 1892 1267 1936 esse
1290 1873 1331 1938 ab

156 1971 345 2038 Aristarcho
351 2022 360 2056 ,
392 1973 432 2037 ad
461 1995 556 2058 quem
579 1973 764 2039 duceremur
792 1975 864 2040 aliis
893 1997 1021 2060 quoque
1049 1978 1247 2062 argumentis
1278 1977 1331 2065 (de

157 2079 274 2164 quibus
296 2077 433 2167 postea).
480 2079 568 2156 Quae
591 2080 750 2145 sententia
774 2082 933 2165 quomodo
957 2082 1087 2148 tandem
1105 2085 1212 2168 potuit
1231 2086 1331 2150 omni-
1411 2079 1414 2086 ’

156 2186 218 2250 bus
236 2186 380 2269 probari!
416 2185 509 2252 Unus
528 2186 674 2271 idemque
693 2191 804 2253 auctor
818 2187 1037 2275 Etymologici
1052 2189 1190 2255 Gudiani
1204 2191 1330 2257 duobus

155 2292 235 2357 loeis
263 2314 361 2376 parvo
392 2294 497 2377 spatio
526 2293 722 2357 distantibus
751 2294 819 2379 agit
847 2295 885 2358 de
913 2296 1023 2360 eadem
1050 2319 1098 2381 re3
1127 2297 1227 2362 altero
1257 2298 1329 2364 loco

155 2399 279 2484 profert
309 2400 500 2464 sententiam
527 2400 681 2484 aliquam,
710 2422 806 2484 quam
835 2401 912 2466 dicit
940 2402 1046 2466 tribus
1070 2424 1089 2465 a
1112 2405 1330 2487 grammaticis

157 2528 227 2571 esse
259 2506 514 2593 pronuntiatam,
545 2505 703 2572 Alexione
730 2506 850 2572 Archia
884 2507 1089 2594 Aristarcho;
1122 2509 1223 2575 altero
1257 2510 1329 2576 loco

155 2613 286 2679 eandem
310 2613 501 2679 sententiam
525 2634 597 2677 cum
620 2613 803 2698 protulerit,
825 2615 997 2678 confitetur
1020 2637 1090 2680 eam
1114 2638 1152 2681 se
1170 2617 1329 2683 invenisse

155 2721 191 2784 in
213 2720 404 2804 hypomnesi
425 2718 567 2784 Hesiodi.
613 2718 730 2784 Nonne
753 2719 824 2785 luce
846 2721 963 2786 clarius
987 2726 1037 2787 est
1059 2744 1132 2787 eum
1154 2722 1224 2788 hac
1246 2725 1329 2809 ipsa

154 2826 190 2891 in
213 2826 404 2910 hypomnesi
427 2826 587 2891 invenisse
609 2825 699 2890 illam
723 2828 915 2892 sententiam
938 2828 1068 2893 illorum
1087 2830 1207 2894 trium
1225 2852 1329 2916 gram-

154 2932 367 2998 maticorum?
389 2931 534 2998 Hancine
557 2954 632 2998 vero
652 2932 874 3018 hypomnesin,
893 2935 927 3000 in
946 2956 1010 3018 qua
1027 2933 1194 2999 Alexionis
1218 2940 1250 3000 et
1268 2935 1328 3001 Ar-

155 3039 246 3104 chiae
269 3039 447 3105 sententiae
469 3039 591 3105 mentio
615 3039 700 3104 facta
724 3044 782 3125 est,
804 3038 985 3106 Aristarchi
1005 3043 1086 3106 esset
1124 3040 1225 3119 Quem
1244 3063 1327 3109 anno

154 3150 229 3212 ante
258 3144 332 3211 Chr.
359 3167 390 3211 n.
418 3147 483 3212 fere
509 3146 573 3210 144
605 3146 670 3211 iam
701 3151 867 3211 mortuum
899 3168 969 3212 esse
996 3147 1170 3213 verisimile
1197 3153 1246 3214 est
1274 3147 1326 3238 (cf.

156 3252 192 3319 G.
215 3252 347 3318 Buschii
371 3253 408 3318 de
431 3253 579 3319 biblioth.
603 3252 775 3319 Alexandr.
800 3253 855 3338 qui
878 3253 999 3320 fuerint
1021 3255 1134 3339 primis
1157 3279 1187 3340 p.
1202 3255 1246 3321 50
1256 3256 1328 3344 sq),

154 3382 228 3426 oum
248 3359 439 3425 Alexionem
462 3364 494 3424 et
512 3359 666 3425 Archiam
684 3365 810 3426 constet
829 3361 955 3427 saeculo
974 3363 1079 3446 primo
1098 3366 1185 3446 post
1204 3360 1278 3428 (ihr.
1295 3385 1326 3428 n.

153 3465 343 3556 floruisse1).
397 3467 443 3532 Et
475 3489 539 3532 uno
573 3468 665 3552 quasi
698 3468 815 3552 spiritu
846 3468 1020 3552 productae
1052 3473 1231 3554 sequuntur
1259 3491 1327 3534 sen·

154 3574 273 3639 tentiae
297 3574 433 3639 aliorum
451 3574 743 3660 grammaticorum,
762 3574 955 3662 Tryphonis,
973 3575 1115 3662 Didymi,
1137 3580 1174 3641 ut
1196 3575 1269 3641 illas
1291 3576 1328 3640 in

154 3680 281 3747 eadem
307 3681 499 3766 hypomnesi
521 3681 682 3747 invenisse
705 3686 868 3747 auctorem
891 3682 1111 3767 Etymologici
1133 3703 1261 3746 necesse
1284 3683 1327 3747 sit

153 3787 326 3852 credamus.
381 3787 513 3853 Accedit
545 3787 646 3874 aliud,
679 3789 764 3872 quod
801 3788 950 3854 scholia
981 3788 1066 3852 dicta
1096 3808 1165 3852 esse
1196 3787 1326 3852 nomine

152 3894 388 3979 hypomneseos
408 3895 448 3960 ab
463 3898 592 3960 auctore
605 3893 826 3980 Etymologioi
839 3895 914 3959 licet
928 3894 994 3958 fere
1007 3893 1093 3958 nube
1108 3892 1326 3977 exemplorum

153 4002 369 4086 comprobare.
420 3999 451 4066 S.
479 4023 507 4066 v.
536 4001 619 4066 αἰδῶ
647 4000 755 4086 Etym.
784 3999 891 4086 Magn.
919 4024 949 4085 p.
974 4000 1031 4087 30,
1053 4000 1098 4065 40
1125 4000 1224 4066 verba
1251 4005 1325 4065 ante

245 4268 271 4335 1)
289 4265 422 4321 Archiam
439 4264 560 4321 tradidit
578 4265 679 4322 Suidas
699 4267 785 4322 fuisse
803 4265 970 4336 magistrum
988 4265 1182 4337 Epaphroditi,
1202 4264 1326 4333 quierat

153 4355 248 4410 Nerva
265 4357 393 4425 regente3
412 4354 511 4409 Alexio
531 4356 684 4410 secundum
701 4354 880 4436 Ammonium
897 4373 925 4425 p.
938 4361 972 4410 35
986 4354 1085 4411 Valoh.
1100 4353 1215 4424 Didymi
1234 4353 1325 4424 operis

153 4444 292 4515 σνμμικιά
311 4443 432 4500 confecit
450 4443 600 4515 epitomen.
