2970 4980
399 283 441 337 De
460 283 595 353 ampliore
613 283 681 338 olim
698 283 791 338 Procli
809 284 1017 340 commentario.
1253 287 1293 350 17

127 443 307 532 llaehius1)
322 446 429 511 fontes
448 448 674 533 grammaticos
693 447 891 512 scholiorum
906 451 1051 512 veterum
1070 447 1200 532 aperire.
1237 437 1296 512 Ille

125 552 276 617 studebat
307 550 502 641 Aristarchi,
532 555 586 618 hic
618 551 652 642 (a
681 552 876 619 Waeschkio
908 555 1057 619 nonnihil
1089 550 1294 640 dissentiens)

124 659 268 723 eiusdem
290 657 473 724 Aristarchi
496 663 528 723 et
551 660 683 744 insuper
703 658 881 725 Aristonici
904 659 1011 725 studia
1029 659 1188 724 Hesiodea
1210 681 1297 724 resu-

124 766 247 831 scitare.
293 764 362 830 Iam
388 770 538 831 nostrum
566 770 615 831 est
642 767 800 852 proferre,
833 767 861 830 si
889 789 970 851 quae
998 767 1177 832 accuratius
1204 766 1297 830 intel-

123 872 261 937 leximus
284 873 356 958 ipsi.
866 883 869 890 ’
1239 933 1240 937 ,

215 978 419 1045 Scholiorum
445 979 690 1046 Proclianorum
717 981 865 1066 syllogen
891 1003 977 1045 nunc
1004 1002 1073 1045 esse
1099 981 1296 1046 decurtatam

122 1086 175 1151 vel
201 1087 275 1151 inde
298 1090 348 1151 est
370 1087 592 1173 manifestum,
620 1088 706 1172 quod
728 1088 763 1152 in
785 1087 879 1152 libris
902 1088 937 1152 in
958 1087 1145 1152 universum
1169 1088 1297 1172 quidem

125 1193 250 1280 eadem,
277 1216 316 1258 ex
344 1194 454 1258 eodem
476 1193 630 1258 nimirum
653 1194 756 1280 fonte,
783 1194 989 1280 exhibentur,
1011 1193 1167 1258 nonnulle
1189 1198 1298 1259 tamen

124 1302 157 1362 et
193 1300 322 1383 quidem
358 1300 421 1364 alia
457 1301 492 1365 in
529 1299 600 1364 aliis
639 1299 801 1364 codicibus
836 1299 1065 1365 desiderantur.
1117 1299 1167 1366 Ne
1203 1301 1297 1385 plura

123 1406 255 1470 afferam
280 1405 370 1492 (nam
392 1407 520 1471 etiamsi
543 1427 660 1491 magna
682 1405 850 1491 diligentia
873 1427 932 1470 suo
951 1428 1081 1470 munere
1099 1407 1296 1472 functusest

124 1509 339 1599 Gaisfordius,
371 1516 480 1577 tamen
510 1534 578 1578 non
609 1513 715 1577 solum
741 1513 782 1576 in
808 1513 1023 1598 recensendis,
1055 1513 1110 1577 sed
1138 1513 1235 1579 etiam
1262 1515 1297 1578 in

125 1619 312 1704 colligendis
337 1619 467 1685 scholiis
491 1620 647 1704 quaedam
664 1620 770 1685 minus
789 1622 875 1683 recte
894 1619 1159 1707 administravit):
1183 1621 1296 1685 statim

124 1725 217 1790 initio
245 1727 285 1790 ad
307 1750 336 1792 v.
359 1729 378 1792 9
403 1725 447 1814 (p.
466 1727 509 1790 42
532 1731 599 1791 not.
618 1724 665 1814 m)
698 1726 761 1791 alia
794 1728 892 1809 atque
919 1726 959 1790 in
990 1727 1105 1791 ceteris
1136 1726 1229 1791 libris
1261 1728 1297 1792 in

123 1831 324 1898 Dorvilliano
344 1834 452 1898 codiee
469 1834 651 1919 traduntur,
669 1854 843 1916 eorumque
860 1854 927 1897 non
943 1833 1060 1918 exigua
1073 1856 1147 1917 pars
1162 1856 1295 1918 prorsus

47 1949 51 1956 '
123 1942 175 2003 est
201 1962 286 2005 nova
313 1945 345 2004 et
375 1940 531 2005 vocabulo
559 1942 667 2017 ἄλλως
693 1940 866 2026 instructa3
898 1939 938 2003 ad
960 1962 987 2004 v.
1008 1941 1027 2004 8
1052 1938 1096 2027 (p.
1115 1940 1157 2004 41
1181 1944 1249 2005 not.
1269 1938 1295 2027 i)

122 2046 158 2109 in
182 2046 293 2111 eodem
316 2047 422 2112 codice
445 2047 611 2131 postilla,
636 2069 717 2130 quae
741 2046 839 2110 etiam
862 2046 918 2110 alii
940 2046 1017 2110 libri
1041 2047 1207 2132 exhibent,
1230 2048 1296 2112 fere

123 2152 260 2218 alterum
296 2157 425 2219 tantum
461 2153 602 2238 additur3
638 2153 679 2217 ad
710 2176 739 2217 r.
770 2154 809 2217 11
844 2156 918 2237 post
950 2153 1084 2238 vulgate
1115 2154 1150 2217 in
1182 2155 1295 2219 ceteris

121 2259 328 2343 reperiuntur
350 2261 385 2325 in
408 2260 518 2325 eodem
540 2260 636 2346 libro,
659 2281 740 2344 quae
764 2260 893 2350 quidem
915 2282 982 2324 non
1005 2265 1080 2326 sunt
1103 2282 1197 2348 nova,
1220 2265 1296 2326 sunt

122 2367 209 2431 enim
241 2368 349 2433 addita
380 2367 520 2452 vulgatis
551 2389 608 2451 per
635 2366 716 2430 illud
743 2368 864 2454 ἄλλως,
896 2367 949 2431 hic
976 2371 1086 2431 tamen
1113 2368 1193 2451 ipsis
1219 2367 1296 2432 Pro-

122 2472 236 2538 clianis
265 2474 414 2539 adiuncta
441 2473 628 2557 reliquaque
652 2474 807 2538 memoria
829 2474 983 2558 pleniora.
1029 2471 1113 2549 Quid
1136 2475 1222 2558 quod
1244 2474 1296 2538 rel

121 2581 159 2644 in
185 2581 417 2646 recentioribus
445 2580 608 2645 codicibus
635 2602 867 2665 nonnunquam
889 2581 983 2665 plura
1007 2580 1146 2644 adsunt?
1191 2580 1238 2645 Ut
1261 2581 1296 2645 in

122 2686 237 2771 primis
260 2687 407 2752 versibus
430 2709 481 2751 me
504 2688 694 2774 contineam,
717 2687 847 2752 afferam
865 2688 1048 2772 exemplum
1070 2687 1187 2752 codicis
1208 2687 1296 2752 Pari-

83 2841 86 2848 .
122 2793 186 2857 sini
206 2794 306 2880 2833,
332 2794 388 2879 qui
410 2795 450 2858 ad
472 2817 501 2858 r.
523 2794 563 2859 16
588 2792 633 2881 (p.
651 2794 694 2859 49
713 2798 779 2860 not.
800 2791 835 2880 q)
859 2799 987 2879 praeter
1010 2793 1151 2879 reliquos
1176 2793 1296 2858 addita

121 2904 268 2965 mentum
289 2900 387 2965 habet
411 2902 489 2966 satis
512 2923 678 2986 magnum,
706 2901 793 2986 quod
820 2924 952 2986 prorsus
976 2901 1110 2966 eundem
1132 2901 1296 2965 hominem

121 3007 260 3093 redolet,
283 3007 373 3072 cuius
397 3011 445 3072 est
469 3007 627 3073 scholium
651 3008 690 3072 ed
712 3031 741 3072 r.
762 3008 825 3072 169
850 3008 910 3072 sub
934 3009 1041 3085 ἄλλως
1063 3012 1294 3073 conservatum.

123 3111 211 3178 Satis
234 3114 313 3179 haec
334 3118 428 3179 erunt
446 3115 486 3179 ad
504 3137 572 3179 rem
591 3115 879 3179 demonstrandam.
915 3113 1065 3179 Profecto
1084 3115 1295 3180 multifariam

122 3222 280 3285 iacturam
311 3222 387 3286 fecit
418 3221 496 3286 haec
529 3222 654 3307 sylloge
685 3221 759 3286 inde
791 3222 831 3286 ab
859 3225 964 3286 aetate
991 3222 1156 3306 archetypi
1185 3244 1295 3287 eorum

122 3328 291 3414 librorum,
314 3329 371 3412 qui
393 3333 532 3414 exstant,
554 3332 587 3392 et
609 3329 747 3393 fortasse
769 3328 834 3393 iam
857 3333 940 3393 ante.
1294 3317 1296 3321 ’

212 3432 300 3499 Idem
334 3456 394 3499 nos
427 3435 520 3499 docet
553 3434 719 3499 Tzetzes.
765 3433 827 3511 Qui
858 3435 924 3498 fere
957 3438 1037 3518 quot
1068 3439 1143 3499 sunt
1175 3457 1294 3514 versus,

121 3541 244 3606 totiens
267 3540 472 3625 reprehendit
494 3541 726 3624 loquacitatem
743 3541 850 3606 Procli
874 3545 971 3624 atque
994 3541 1028 3605 id
1045 3541 1230 3625 saepissime
1249 3541 1294 3605 eis

121 3647 214 3734 locis,
236 3647 293 3711 ubi
315 3669 401 3712 nunc
418 3646 587 3713 Procliana
610 3649 782 3712 admodum
804 3648 921 3734 exigua
944 3651 1124 3732 supersunt.
1171 3644 1233 3711 Sed
1254 3668 1296 3710 ne

10 3812 11 3815 ,
120 3753 220 3818 nimis
252 3753 391 3818 multum
422 3753 497 3818 huic
529 3754 770 3838 reprehensioni
802 3754 983 3819 tribuamus
1010 3750 1201 3840 (exempla2)
1229 3773 1296 3817 non

214 3966 240 4034 1)
258 3963 409 4019 Jahrbfieh.
433 3965 479 4018 fur
501 3964 572 4020 Phil.
599 3970 666 4019 1877
690 3984 716 4035 p.
736 3970 788 4018 433
799 3982 858 4034 sqq.
897 3964 936 4020 ef.
964 3963 1051 4018 etiam
1075 3962 1134 4018 eius
1158 3963 1296 4033 „Glossen

123 4052 182 4106 und
201 4052 293 4106 Schol.
313 4070 362 4106 zur
379 4053 486 4108 hesiod.
505 4053 686 4124 'Theogonis‘
707 4057 783 4108 1876.

213 4144 239 4211 2)
258 4141 351 4194 Unum
373 4143 469 4196 tamen
492 4142 672 4212 significabo,
696 4159 759 4196 curn
781 4141 906 4196 nesciam
930 4159 966 4195 an
989 4141 1056 4195 inde
1079 4141 1166 4195 liceat
1184 4139 1295 4194 conclu-

121 4231 202 4301 dere,
229 4229 359 4285 Proolum
389 4230 533 4286 interdum
563 4248 659 4286 versus
686 4230 872 4285 immiscuisse
901 4248 968 4285 suae
997 4228 1236 4300 interpretationi,
1265 4227 1296 4282 id

120 4320 200 4390 quod
226 4337 276 4391 per
304 4337 333 4375 se
361 4337 418 4376 non
446 4321 579 4376 abhorret
607 4321 643 4376 ab
667 4320 727 4375 eius
750 4319 872 4390 ingenio.
911 4321 983 4375 Sunt
1006 4319 1093 4375 verba
1115 4319 1235 4372 Tzetaae
1258 4317 1296 4370 ad

121 4428 148 4466 v.
169 4416 221 4464 222
241 4414 277 4481 (p.
294 4413 368 4480 166);
394 4411 410 4466 d
434 4409 466 4466 δὲ
489 4408 679 4482 μακρηγορίας
702 4408 838 4479 ἀκαίρους
860 4415 947 4480 ζητῶν
971 4409 1062 4479 ὁράτω
1085 4409 1134 4463 τὸν
1159 4407 1294 4477 Πρόκλον.

176 4511 393 4564 Dimltrijerid,
407 4511 485 4552 studia
498 4511 622 4552 Hesiodea.
1068 4505 1083 4552 2
