<?xml version="1.0" encoding="UTF-8"?>
<!DOCTYPE html PUBLIC "-//W3C//DTD XHTML 1.0 Transitional//EN"
    "http://www.w3.org/TR/xhtml1/DTD/xhtml1-transitional.dtd">
<html xmlns="http://www.w3.org/1999/xhtml" xml:lang="en" lang="en">
 <head>
  <title>
</title>
<meta http-equiv="Content-Type" content="text/html;charset=utf-8" />
  <meta name='ocr-system' content='tesseract 3.04.00' />
  <meta name='ocr-capabilities' content='ocr_page ocr_carea ocr_par ocr_line ocrx_word'/>
</head>
<body>
  <div class='ocr_page' id='page_1' title='image "./studiahesiodeas00dimigoog_0040.png"; bbox 0 0 2970 4980; ppageno 0'>
   <div class='ocr_carea' id='block_1_1' title="bbox 380 305 1323 376">
    <p class='ocr_par' dir='ltr' id='par_1_1' title="bbox 380 305 1323 376">
     <span class='ocr_line' id='line_1_1' title="bbox 380 305 1323 376; baseline 0 -16"><span class='ocrx_word' id='word_1_1' title='bbox 380 307 422 361; x_wconf 88' lang='lat' dir='ltr'><strong>De</strong></span> <span class='ocrx_word' id='word_1_2' title='bbox 440 306 551 362; x_wconf 88' lang='lat' dir='ltr'><strong>Veteris</strong></span> <span class='ocrx_word' id='word_1_3' title='bbox 569 305 732 376; x_wconf 87' lang='lat' dir='ltr'><strong>Interpretis</strong></span> <span class='ocrx_word' id='word_1_4' title='bbox 750 306 861 361; x_wconf 86' lang='lat' dir='ltr'><strong>ratione</strong></span> <span class='ocrx_word' id='word_1_5' title='bbox 880 305 1093 375; x_wconf 86' lang='lat' dir='ltr'><strong>interpretandi.</strong></span> <span class='ocrx_word' id='word_1_6' title='bbox 1278 307 1323 372; x_wconf 78' lang='lat'><strong>29</strong></span> 
     </span>
    </p>
   </div>
   <div class='ocr_carea' id='block_1_2' title="bbox 152 468 1328 4294">
    <p class='ocr_par' dir='ltr' id='par_1_2' title="bbox 152 468 1328 2047">
     <span class='ocr_line' id='line_1_2' title="bbox 154 468 1326 555; baseline -0.003 -19"><span class='ocrx_word' id='word_1_7' title='bbox 154 473 287 547; x_wconf 86' lang='grc' dir='ltr'><em>νεικίας.</em></span> <span class='ocrx_word' id='word_1_8' title='bbox 332 468 438 536; x_wconf 86' lang='lat' dir='ltr'><strong>Huius</strong></span> <span class='ocrx_word' id='word_1_9' title='bbox 468 475 501 535; x_wconf 92' lang='lat' dir='ltr'><strong>et</strong></span> <span class='ocrx_word' id='word_1_10' title='bbox 528 473 694 535; x_wconf 75' lang='lat' dir='ltr'><strong>accuratae</strong></span> <span class='ocrx_word' id='word_1_11' title='bbox 721 474 752 534; x_wconf 91' lang='lat' dir='ltr'><strong>et</strong></span> <span class='ocrx_word' id='word_1_12' title='bbox 780 469 990 535; x_wconf 80' lang='lat' dir='ltr'><strong>brevissimae</strong></span> <span class='ocrx_word' id='word_1_13' title='bbox 1017 468 1165 534; x_wconf 78' lang='lat' dir='ltr'><strong>vocabuli</strong></span> <span class='ocrx_word' id='word_1_14' title='bbox 1190 470 1253 555; x_wconf 82' lang='grc' dir='ltr'><em>ύρα</em></span> <span class='ocrx_word' id='word_1_15' title='bbox 1276 491 1326 534; x_wconf 85' lang='lat' dir='ltr'><strong>ex-</strong></span> 
     </span>
     <span class='ocr_line' id='line_1_3' title="bbox 154 574 1327 663; baseline -0.001 -22"><span class='ocrx_word' id='word_1_16' title='bbox 154 576 338 661; x_wconf 88' lang='lat' dir='ltr'><strong>plicationis</strong></span> <span class='ocrx_word' id='word_1_17' title='bbox 369 598 429 642; x_wconf 89' lang='lat' dir='ltr'><strong>nec</strong></span> <span class='ocrx_word' id='word_1_18' title='bbox 454 576 529 642; x_wconf 81' lang='lat' dir='ltr'><strong>vola</strong></span> <span class='ocrx_word' id='word_1_19' title='bbox 554 598 613 642; x_wconf 89' lang='lat' dir='ltr'><strong>nec</strong></span> <span class='ocrx_word' id='word_1_20' title='bbox 640 576 816 663; x_wconf 81' lang='lat' dir='ltr'><strong>vestigium</strong></span> <span class='ocrx_word' id='word_1_21' title='bbox 844 576 929 661; x_wconf 89' lang='lat' dir='ltr'><strong>apud</strong></span> <span class='ocrx_word' id='word_1_22' title='bbox 954 575 1113 640; x_wconf 91' lang='lat' dir='ltr'><strong>Proclum.</strong></span> <span class='ocrx_word' id='word_1_23' title='bbox 1157 574 1259 640; x_wconf 90' lang='lat' dir='ltr'><strong>Porro</strong></span> <span class='ocrx_word' id='word_1_24' title='bbox 1287 576 1327 641; x_wconf 86' lang='lat' dir='ltr'><strong>ad</strong></span> 
     </span>
     <span class='ocr_line' id='line_1_4' title="bbox 154 681 1327 772; baseline -0.001 -24"><span class='ocrx_word' id='word_1_25' title='bbox 154 708 183 748; x_wconf 85' lang='lat' dir='ltr'><strong>v.</strong></span> <span class='ocrx_word' id='word_1_26' title='bbox 206 683 268 748; x_wconf 84' lang='lat'><strong>130</strong></span> <span class='ocrx_word' id='word_1_27' title='bbox 291 681 335 770; x_wconf 85' lang='lat' dir='ltr'><strong>(p.</strong></span> <span class='ocrx_word' id='word_1_28' title='bbox 358 682 453 772; x_wconf 78' lang='lat'>123):</span> <span class='ocrx_word' id='word_1_29' title='bbox 485 685 567 750; x_wconf 89' lang='grc' dir='ltr'><em>κατδι</em></span> <span class='ocrx_word' id='word_1_30' title='bbox 600 686 789 770; x_wconf 79' lang='grc' dir='ltr'><em>σύγκρισιν,</em></span> <span class='ocrx_word' id='word_1_31' title='bbox 823 681 893 749; x_wconf 81' lang='grc' dir='ltr'><em>ἐπεὶ</em></span> <span class='ocrx_word' id='word_1_32' title='bbox 925 682 966 749; x_wconf 91' lang='grc' dir='ltr'><strong>ού</strong></span> <span class='ocrx_word' id='word_1_33' title='bbox 997 693 1065 748; x_wconf 82' lang='grc' dir='ltr'><strong>τῶν</strong></span> <span class='ocrx_word' id='word_1_34' title='bbox 1093 681 1122 768; x_wconf 86' lang='grc' dir='ltr'><strong>ρ’</strong></span> <span class='ocrx_word' id='word_1_35' title='bbox 1150 681 1327 761; x_wconf 78' lang='grc' dir='ltr'><em>ἕλλοίττους</em></span> 
     </span>
     <span class='ocr_line' id='line_1_5' title="bbox 155 787 1326 877; baseline -0.003 -21"><span class='ocrx_word' id='word_1_36' title='bbox 155 793 243 868; x_wconf 82' lang='grc' dir='ltr'><em>ἔζων.</em></span> <span class='ocrx_word' id='word_1_37' title='bbox 294 793 330 857; x_wconf 90' lang='grc' dir='ltr'><strong>τὸ</strong></span> <span class='ocrx_word' id='word_1_38' title='bbox 368 787 406 856; x_wconf 70' lang='grc' dir='ltr'><strong>δὲ</strong></span> <span class='ocrx_word' id='word_1_39' title='bbox 443 789 560 857; x_wconf 82' lang='grc' dir='ltr'><em>ἑκατὸν</em></span> <span class='ocrx_word' id='word_1_40' title='bbox 593 791 654 857; x_wconf 89' lang='grc' dir='ltr'><strong>οὐκ</strong></span> <span class='ocrx_word' id='word_1_41' title='bbox 688 789 740 856; x_wconf 82' lang='grc' dir='ltr'><strong>ἐπὶ</strong></span> <span class='ocrx_word' id='word_1_42' title='bbox 770 789 958 877; x_wconf 81' lang='grc' dir='ltr'><em>ὡρισμένου</em></span> <span class='ocrx_word' id='word_1_43' title='bbox 990 792 1128 874; x_wconf 89' lang='grc' dir='ltr'><em>χρόνον,</em></span> <span class='ocrx_word' id='word_1_44' title='bbox 1166 787 1236 855; x_wconf 85' lang='grc' dir='ltr'><em>ἀλλ’</em></span> <span class='ocrx_word' id='word_1_45' title='bbox 1274 787 1326 854; x_wconf 83' lang='grc' dir='ltr'><strong>ἐπὶ</strong></span> 
     </span>
     <span class='ocr_line' id='line_1_6' title="bbox 153 893 1328 984; baseline -0.003 -21"><span class='ocrx_word' id='word_1_46' title='bbox 153 899 319 980; x_wconf 68' lang='grc' dir='ltr'><em>πλήθους</em></span> <span class='ocrx_word' id='word_1_47' title='bbox 348 900 416 963; x_wconf 78' lang='grc' dir='ltr'><em>ἔστι</em></span> <span class='ocrx_word' id='word_1_48' title='bbox 443 899 506 983; x_wconf 85' lang='grc' dir='ltr'><strong>γὰρ</strong></span> <span class='ocrx_word' id='word_1_49' title='bbox 535 897 692 984; x_wconf 80' lang='grc' dir='ltr'><em>ἀόριστον</em></span> <span class='ocrx_word' id='word_1_50' title='bbox 718 896 793 963; x_wconf 83' lang='grc' dir='ltr'><em>ἀντὶ</em></span> <span class='ocrx_word' id='word_1_51' title='bbox 815 906 876 963; x_wconf 85' lang='grc' dir='ltr'><strong>τοῦ</strong></span> <span class='ocrx_word' id='word_1_52' title='bbox 898 896 1013 962; x_wconf 84' lang='grc' dir='ltr'><em>πολλοί.</em></span> <span class='ocrx_word' id='word_1_53' title='bbox 1059 893 1226 960; x_wconf 83' lang='lat' dir='ltr'><strong>AProclo</strong></span> <span class='ocrx_word' id='word_1_54' title='bbox 1249 894 1328 960; x_wconf 85' lang='lat' dir='ltr'><strong>haec</strong></span> 
     </span>
     <span class='ocr_line' id='line_1_7' title="bbox 154 998 1327 1088; baseline -0.002 -20"><span class='ocrx_word' id='word_1_55' title='bbox 154 1004 286 1068; x_wconf 91' lang='lat' dir='ltr'><strong>absunt:</strong></span> <span class='ocrx_word' id='word_1_56' title='bbox 314 1004 400 1068; x_wconf 89' lang='lat' dir='ltr'><strong>huno</strong></span> <span class='ocrx_word' id='word_1_57' title='bbox 423 998 624 1088; x_wconf 70' lang='lat' dir='ltr'><strong>potius‘veri</strong></span> <span class='ocrx_word' id='word_1_58' title='bbox 647 1008 697 1069; x_wconf 89' lang='lat' dir='ltr'><strong>est</strong></span> <span class='ocrx_word' id='word_1_59' title='bbox 720 1004 825 1069; x_wconf 91' lang='lat' dir='ltr'><strong>simile</strong></span> <span class='ocrx_word' id='word_1_60' title='bbox 848 1026 921 1068; x_wconf 88' lang='lat' dir='ltr'><strong>eum</strong></span> <span class='ocrx_word' id='word_1_61' title='bbox 942 1002 1108 1068; x_wconf 86' lang='lat' dir='ltr'><strong>nonnullis</strong></span> <span class='ocrx_word' id='word_1_62' title='bbox 1130 1001 1327 1067; x_wconf 78' lang='lat' dir='ltr'><strong>nostratium</strong></span> 
     </span>
     <span class='ocr_line' id='line_1_8' title="bbox 154 1109 1327 1196; baseline 0 -23"><span class='ocrx_word' id='word_1_63' title='bbox 154 1110 286 1194; x_wconf 89' lang='lat' dir='ltr'><strong>proprio</strong></span> <span class='ocrx_word' id='word_1_64' title='bbox 311 1132 407 1176; x_wconf 90' lang='lat' dir='ltr'><strong>sensu</strong></span> <span class='ocrx_word' id='word_1_65' title='bbox 427 1109 543 1177; x_wconf 81' lang='grc' dir='ltr'><em>ἑκατὸν</em></span> <span class='ocrx_word' id='word_1_66' title='bbox 562 1112 737 1196; x_wconf 88' lang='lat' dir='ltr'><strong>accepisse:</strong></span> <span class='ocrx_word' id='word_1_67' title='bbox 760 1111 855 1176; x_wconf 87' lang='lat' dir='ltr'><strong>aliter</strong></span> <span class='ocrx_word' id='word_1_68' title='bbox 874 1110 960 1174; x_wconf 88' lang='lat' dir='ltr'><strong>enim</strong></span> <span class='ocrx_word' id='word_1_69' title='bbox 977 1109 1048 1174; x_wconf 91' lang='lat' dir='ltr'><strong>fieri</strong></span> <span class='ocrx_word' id='word_1_70' title='bbox 1065 1130 1132 1174; x_wconf 90' lang='lat' dir='ltr'><strong>non</strong></span> <span class='ocrx_word' id='word_1_71' title='bbox 1149 1109 1268 1195; x_wconf 89' lang='lat' dir='ltr'><strong>potuit,</strong></span> <span class='ocrx_word' id='word_1_72' title='bbox 1289 1113 1327 1173; x_wconf 89' lang='lat' dir='ltr'><strong>ut</strong></span> 
     </span>
     <span class='ocr_line' id='line_1_9' title="bbox 154 1215 1328 1302; baseline 0 -22"><span class='ocrx_word' id='word_1_73' title='bbox 154 1216 184 1281; x_wconf 92' lang='lat' dir='ltr'><strong>ei</strong></span> <span class='ocrx_word' id='word_1_74' title='bbox 215 1217 378 1283; x_wconf 84' lang='lat' dir='ltr'><strong>videretur</strong></span> <span class='ocrx_word' id='word_1_75' title='bbox 405 1241 433 1284; x_wconf 82' lang='lat' dir='ltr'><strong>v.</strong></span> <span class='ocrx_word' id='word_1_76' title='bbox 460 1219 523 1284; x_wconf 83' lang='lat'><strong>133</strong></span> <span class='ocrx_word' id='word_1_77' title='bbox 555 1240 628 1283; x_wconf 90' lang='lat' dir='ltr'><strong>cum</strong></span> <span class='ocrx_word' id='word_1_78' title='bbox 651 1241 679 1283; x_wconf 82' lang='lat' dir='ltr'><strong>v.</strong></span> <span class='ocrx_word' id='word_1_79' title='bbox 702 1218 765 1282; x_wconf 84' lang='lat'><strong>130</strong></span> <span class='ocrx_word' id='word_1_80' title='bbox 796 1238 954 1302; x_wconf 69' lang='lat' dir='ltr'><strong>pugnare,</strong></span> <span class='ocrx_word' id='word_1_81' title='bbox 986 1217 1023 1281; x_wconf 88' lang='lat' dir='ltr'><strong>cf.</strong></span> <span class='ocrx_word' id='word_1_82' title='bbox 1057 1216 1126 1281; x_wconf 91' lang='lat' dir='ltr'><strong>eius</strong></span> <span class='ocrx_word' id='word_1_83' title='bbox 1158 1215 1255 1280; x_wconf 85' lang='lat' dir='ltr'><strong>verba</strong></span> <span class='ocrx_word' id='word_1_84' title='bbox 1288 1215 1328 1280; x_wconf 87' lang='lat' dir='ltr'><strong>ad</strong></span> 
     </span>
     <span class='ocr_line' id='line_1_10' title="bbox 154 1319 1327 1414; baseline 0 -26"><span class='ocrx_word' id='word_1_85' title='bbox 154 1346 183 1388; x_wconf 86' lang='lat' dir='ltr'><strong>v.</strong></span> <span class='ocrx_word' id='word_1_86' title='bbox 205 1324 267 1390; x_wconf 83' lang='lat'><strong>133</strong></span> <span class='ocrx_word' id='word_1_87' title='bbox 293 1322 336 1411; x_wconf 88' lang='lat' dir='ltr'><strong>(p.</strong></span> <span class='ocrx_word' id='word_1_88' title='bbox 354 1322 446 1412; x_wconf 79' lang='lat'>124):</span> <span class='ocrx_word' id='word_1_89' title='bbox 475 1327 506 1390; x_wconf 87' lang='grc' dir='ltr'><strong>εί</strong></span> <span class='ocrx_word' id='word_1_90' title='bbox 530 1331 641 1412; x_wconf 79' lang='grc' dir='ltr'><em>πολλῷ</em></span> <span class='ocrx_word' id='word_1_91' title='bbox 665 1328 774 1414; x_wconf 76' lang='grc' dir='ltr'><em>χρόνῳ</em></span> <span class='ocrx_word' id='word_1_92' title='bbox 799 1322 988 1409; x_wconf 79' lang='grc' dir='ltr'><strong><em>ἐτρέφοντο,</em></strong></span> <span class='ocrx_word' id='word_1_93' title='bbox 1012 1323 1128 1406; x_wconf 78' lang='grc' dir='ltr'><em>ὀλίγον</em></span> <span class='ocrx_word' id='word_1_94' title='bbox 1151 1319 1188 1387; x_wconf 74' lang='grc' dir='ltr'><strong>δὲ</strong></span> <span class='ocrx_word' id='word_1_95' title='bbox 1211 1321 1327 1400; x_wconf 82' lang='grc' dir='ltr'><em>διέζων</em></span> 
     </span>
     <span class='ocr_line' id='line_1_11' title="bbox 153 1423 1327 1517; baseline 0 -23"><span class='ocrx_word' id='word_1_96' title='bbox 153 1428 209 1495; x_wconf 83' lang='grc' dir='ltr'><em>καὶ</em></span> <span class='ocrx_word' id='word_1_97' title='bbox 232 1431 387 1516; x_wconf 78' lang='grc' dir='ltr'><em>ἤκμαζον,</em></span> <span class='ocrx_word' id='word_1_98' title='bbox 411 1444 482 1509; x_wconf 84' lang='grc' dir='ltr'><strong>πῶς</strong></span> <span class='ocrx_word' id='word_1_99' title='bbox 505 1433 541 1497; x_wconf 77' lang='lat' dir='ltr'><strong>ol</strong></span> <span class='ocrx_word' id='word_1_100' title='bbox 560 1433 740 1517; x_wconf 80' lang='grc' dir='ltr'><em>τρέφοντες</em></span> <span class='ocrx_word' id='word_1_101' title='bbox 762 1430 884 1507; x_wconf 83' lang='grc' dir='ltr'><em>αὐτοὺς</em></span> <span class='ocrx_word' id='word_1_102' title='bbox 906 1428 1036 1516; x_wconf 69' lang='grc' dir='ltr'><em>διέζων,</em></span> <span class='ocrx_word' id='word_1_103' title='bbox 1060 1436 1139 1506; x_wconf 73' lang='grc' dir='ltr'><em>ἴσως</em></span> <span class='ocrx_word' id='word_1_104' title='bbox 1161 1423 1223 1495; x_wconf 83' lang='grc' dir='ltr'><strong>οὖν</strong></span> <span class='ocrx_word' id='word_1_105' title='bbox 1246 1430 1327 1513; x_wconf 91' lang='grc' dir='ltr'><em>πρὸς</em></span> 
     </span>
     <span class='ocr_line' id='line_1_12' title="bbox 154 1535 1326 1624; baseline -0.002 -23"><span class='ocrx_word' id='word_1_106' title='bbox 154 1536 339 1621; x_wconf 77' lang='grc' dir='ltr'><em>ἀπολογίαν</em></span> <span class='ocrx_word' id='word_1_107' title='bbox 365 1547 425 1622; x_wconf 79' lang='grc' dir='ltr'><strong>τῆς</strong></span> <span class='ocrx_word' id='word_1_108' title='bbox 452 1537 622 1624; x_wconf 79' lang='grc' dir='ltr'><em>ἐκτροφῆς.</em></span> <span class='ocrx_word' id='word_1_109' title='bbox 668 1537 756 1614; x_wconf 80' lang='lat' dir='ltr'><strong>Quae</strong></span> <span class='ocrx_word' id='word_1_110' title='bbox 782 1540 975 1623; x_wconf 89' lang='lat' dir='ltr'><strong>sequuntur,</strong></span> <span class='ocrx_word' id='word_1_111' title='bbox 1000 1536 1114 1620; x_wconf 89' lang='lat' dir='ltr'><strong>procul</strong></span> <span class='ocrx_word' id='word_1_112' title='bbox 1135 1535 1234 1600; x_wconf 91' lang='lat' dir='ltr'><strong>dubio</strong></span> <span class='ocrx_word' id='word_1_113' title='bbox 1258 1535 1326 1599; x_wconf 92' lang='lat' dir='ltr'><strong>eius</strong></span> 
     </span>
     <span class='ocr_line' id='line_1_13' title="bbox 153 1642 1327 1732; baseline -0.001 -25"><span class='ocrx_word' id='word_1_114' title='bbox 153 1664 220 1708; x_wconf 93' lang='lat' dir='ltr'><strong>non</strong></span> <span class='ocrx_word' id='word_1_115' title='bbox 244 1648 334 1730; x_wconf 91' lang='lat' dir='ltr'><strong>sunt,</strong></span> <span class='ocrx_word' id='word_1_116' title='bbox 363 1645 418 1710; x_wconf 92' lang='lat' dir='ltr'><strong>sed</strong></span> <span class='ocrx_word' id='word_1_117' title='bbox 440 1645 568 1710; x_wconf 79' lang='lat' dir='ltr'><strong>Veteris</strong></span> <span class='ocrx_word' id='word_1_118' title='bbox 592 1645 694 1732; x_wconf 90' lang='lat' dir='ltr'><strong>illius,</strong></span> <span class='ocrx_word' id='word_1_119' title='bbox 721 1645 755 1709; x_wconf 93' lang='lat' dir='ltr'><strong>id</strong></span> <span class='ocrx_word' id='word_1_120' title='bbox 778 1644 864 1729; x_wconf 91' lang='lat' dir='ltr'><strong>quod</strong></span> <span class='ocrx_word' id='word_1_121' title='bbox 886 1642 937 1709; x_wconf 86' lang='lat' dir='ltr'><strong>vel</strong></span> <span class='ocrx_word' id='word_1_122' title='bbox 959 1643 1030 1727; x_wconf 89' lang='lat' dir='ltr'><strong>ipsa</strong></span> <span class='ocrx_word' id='word_1_123' title='bbox 1052 1643 1150 1708; x_wconf 86' lang='lat' dir='ltr'><strong>verba</strong></span> <span class='ocrx_word' id='word_1_124' title='bbox 1171 1642 1327 1706; x_wconf 84' lang='lat' dir='ltr'><strong>indicant:</strong></span> 
     </span>
     <span class='ocr_line' id='line_1_14' title="bbox 152 1747 1327 1838; baseline -0.001 -23"><span class='ocrx_word' id='word_1_125' title='bbox 152 1752 192 1815; x_wconf 88' lang='grc' dir='ltr'><strong>τὸ</strong></span> <span class='ocrx_word' id='word_1_126' title='bbox 225 1747 262 1815; x_wconf 71' lang='grc' dir='ltr'><strong>δὲ</strong></span> <span class='ocrx_word' id='word_1_127' title='bbox 292 1752 472 1836; x_wconf 79' lang='grc' dir='ltr'><em>παυρίδιον</em></span> <span class='ocrx_word' id='word_1_128' title='bbox 505 1749 695 1838; x_wconf 61' lang='grc' dir='ltr'><em>ζώεσκονΙ),</em></span> <span class='ocrx_word' id='word_1_129' title='bbox 728 1753 773 1828; x_wconf 83' lang='grc' dir='ltr'><strong>ὡς</strong></span> <span class='ocrx_word' id='word_1_130' title='bbox 804 1753 888 1837; x_wconf 87' lang='grc' dir='ltr'><em>πρὸς</em></span> <span class='ocrx_word' id='word_1_131' title='bbox 915 1751 1089 1834; x_wconf 81' lang='grc' dir='ltr'><em>σύγκρισιν</em></span> <span class='ocrx_word' id='word_1_132' title='bbox 1117 1761 1184 1815; x_wconf 82' lang='grc' dir='ltr'><strong>τῶν</strong></span> <span class='ocrx_word' id='word_1_133' title='bbox 1211 1747 1327 1814; x_wconf 80' lang='grc' dir='ltr'><em>ἑκατὸν</em></span> 
     </span>
     <span class='ocr_line' id='line_1_15' title="bbox 155 1856 1327 1924; baseline -0.002 -2"><span class='ocrx_word' id='word_1_134' title='bbox 155 1856 247 1922; x_wconf 78' lang='grc' dir='ltr'><em>ἐτῶν.</em></span> <span class='ocrx_word' id='word_1_135' title='bbox 284 1857 357 1923; x_wconf 91' lang='lat' dir='ltr'><strong>Nisi</strong></span> <span class='ocrx_word' id='word_1_136' title='bbox 376 1859 460 1924; x_wconf 88' lang='lat' dir='ltr'><strong>forte</strong></span> <span class='ocrx_word' id='word_1_137' title='bbox 478 1858 564 1923; x_wconf 87' lang='lat' dir='ltr'><strong>dicas</strong></span> <span class='ocrx_word' id='word_1_138' title='bbox 584 1859 716 1923; x_wconf 85' lang='lat' dir='ltr'><strong>subesse</strong></span> <span class='ocrx_word' id='word_1_139' title='bbox 735 1858 976 1923; x_wconf 85' lang='lat' dir='ltr'><strong>adnotationem</strong></span> <span class='ocrx_word' id='word_1_140' title='bbox 995 1856 1148 1920; x_wconf 89' lang='lat' dir='ltr'><strong>acutioris</strong></span> <span class='ocrx_word' id='word_1_141' title='bbox 1161 1856 1327 1921; x_wconf 89' lang='lat' dir='ltr'><strong>cuiusdam</strong></span> 
     </span>
     <span class='ocr_line' id='line_1_16' title="bbox 154 1963 1260 2047; baseline 0.001 -20"><span class='ocrx_word' id='word_1_142' title='bbox 154 1963 281 2028; x_wconf 86' lang='lat' dir='ltr'><strong>librarii</strong></span> <span class='ocrx_word' id='word_1_143' title='bbox 304 1964 344 2028; x_wconf 89' lang='lat' dir='ltr'><strong>ad</strong></span> <span class='ocrx_word' id='word_1_144' title='bbox 367 1964 473 2030; x_wconf 89' lang='lat' dir='ltr'><strong>Procli</strong></span> <span class='ocrx_word' id='word_1_145' title='bbox 496 1965 655 2031; x_wconf 88' lang='lat' dir='ltr'><strong>scholium</strong></span> <span class='ocrx_word' id='word_1_146' title='bbox 677 1987 715 2030; x_wconf 88' lang='lat' dir='ltr'><strong>ex</strong></span> <span class='ocrx_word' id='word_1_147' title='bbox 738 1965 867 2030; x_wconf 86' lang='lat' dir='ltr'><strong>Veteris</strong></span> <span class='ocrx_word' id='word_1_148' title='bbox 890 1963 1036 2029; x_wconf 89' lang='lat' dir='ltr'><strong>doctrina</strong></span> <span class='ocrx_word' id='word_1_149' title='bbox 1058 1963 1260 2047; x_wconf 88' lang='lat' dir='ltr'><strong>adscriptam.</strong></span> 
     </span>
    </p>

    <p class='ocr_par' dir='ltr' id='par_1_3' title="bbox 153 2069 1327 3334">
     <span class='ocr_line' id='line_1_17' title="bbox 245 2069 1327 2157; baseline 0 -23"><span class='ocrx_word' id='word_1_150' title='bbox 245 2069 393 2156; x_wconf 89' lang='lat' dir='ltr'><strong>Denique</strong></span> <span class='ocrx_word' id='word_1_151' title='bbox 419 2071 482 2136; x_wconf 91' lang='lat' dir='ltr'><strong>boc</strong></span> <span class='ocrx_word' id='word_1_152' title='bbox 509 2094 637 2157; x_wconf 90' lang='lat' dir='ltr'><strong>quoque</strong></span> <span class='ocrx_word' id='word_1_153' title='bbox 664 2071 835 2137; x_wconf 89' lang='lat' dir='ltr'><strong>intercedit</strong></span> <span class='ocrx_word' id='word_1_154' title='bbox 861 2072 947 2137; x_wconf 91' lang='lat' dir='ltr'><strong>inter</strong></span> <span class='ocrx_word' id='word_1_155' title='bbox 969 2070 1120 2136; x_wconf 89' lang='lat' dir='ltr'><strong>Proclum</strong></span> <span class='ocrx_word' id='word_1_156' title='bbox 1147 2074 1179 2134; x_wconf 93' lang='lat' dir='ltr'><strong>et</strong></span> <span class='ocrx_word' id='word_1_157' title='bbox 1208 2092 1327 2156; x_wconf 81' lang='lat' dir='ltr'><strong>anony-</strong></span> 
     </span>
     <span class='ocr_line' id='line_1_18' title="bbox 154 2177 1326 2266; baseline -0.001 -24"><span class='ocrx_word' id='word_1_158' title='bbox 154 2200 244 2243; x_wconf 94' lang='lat' dir='ltr'><strong>mum</strong></span> <span class='ocrx_word' id='word_1_159' title='bbox 270 2177 378 2266; x_wconf 88' lang='lat' dir='ltr'><strong>illurn,</strong></span> <span class='ocrx_word' id='word_1_160' title='bbox 405 2182 443 2243; x_wconf 91' lang='lat' dir='ltr'><strong>ut</strong></span> <span class='ocrx_word' id='word_1_161' title='bbox 470 2179 627 2263; x_wconf 88' lang='lat' dir='ltr'><strong>simplicis</strong></span> <span class='ocrx_word' id='word_1_162' title='bbox 652 2179 892 2264; x_wconf 86' lang='lat' dir='ltr'><strong>periphraseos,</strong></span> <span class='ocrx_word' id='word_1_163' title='bbox 919 2201 983 2262; x_wconf 88' lang='lat' dir='ltr'><strong>qua</strong></span> <span class='ocrx_word' id='word_1_164' title='bbox 1005 2177 1138 2243; x_wconf 90' lang='lat' dir='ltr'><strong>Proolus</strong></span> <span class='ocrx_word' id='word_1_165' title='bbox 1161 2199 1326 2262; x_wconf 88' lang='lat' dir='ltr'><strong>nunquam</strong></span> 
     </span>
     <span class='ocr_line' id='line_1_19' title="bbox 154 2284 1327 2371; baseline 0 -22"><span class='ocrx_word' id='word_1_166' title='bbox 154 2285 320 2371; x_wconf 89' lang='lat' dir='ltr'><strong>utebatur,</strong></span> <span class='ocrx_word' id='word_1_167' title='bbox 344 2285 428 2369; x_wconf 88' lang='lat' dir='ltr'><strong>apud</strong></span> <span class='ocrx_word' id='word_1_168' title='bbox 450 2285 536 2350; x_wconf 90' lang='lat' dir='ltr'><strong>hunc</strong></span> <span class='ocrx_word' id='word_1_169' title='bbox 558 2286 652 2370; x_wconf 89' lang='lat' dir='ltr'><strong>plura</strong></span> <span class='ocrx_word' id='word_1_170' title='bbox 675 2290 752 2350; x_wconf 89' lang='lat' dir='ltr'><strong>sunt</strong></span> <span class='ocrx_word' id='word_1_171' title='bbox 775 2285 921 2370; x_wconf 84' lang='lat' dir='ltr'><strong>exempla</strong></span> <span class='ocrx_word' id='word_1_172' title='bbox 943 2289 976 2350; x_wconf 91' lang='lat' dir='ltr'><strong>et</strong></span> <span class='ocrx_word' id='word_1_173' title='bbox 998 2284 1127 2368; x_wconf 90' lang='lat' dir='ltr'><strong>quidem</strong></span> <span class='ocrx_word' id='word_1_174' title='bbox 1151 2285 1211 2349; x_wconf 89' lang='lat' dir='ltr'><strong>sub</strong></span> <span class='ocrx_word' id='word_1_175' title='bbox 1230 2285 1327 2349; x_wconf 88' lang='lat' dir='ltr'><strong>finem</strong></span> 
     </span>
     <span class='ocr_line' id='line_1_20' title="bbox 154 2387 1326 2478; baseline 0.002 -21"><span class='ocrx_word' id='word_1_176' title='bbox 154 2392 293 2457; x_wconf 81' lang='lat' dir='ltr'><strong>maxime</strong></span> <span class='ocrx_word' id='word_1_177' title='bbox 321 2393 479 2457; x_wconf 90' lang='lat' dir='ltr'><strong>carminis.</strong></span> <span class='ocrx_word' id='word_1_178' title='bbox 526 2390 681 2478; x_wconf 79' lang='lat' dir='ltr'><strong>Conferas</strong></span> <span class='ocrx_word' id='word_1_179' title='bbox 709 2393 749 2457; x_wconf 92' lang='lat' dir='ltr'><strong>ad</strong></span> <span class='ocrx_word' id='word_1_180' title='bbox 779 2417 808 2457; x_wconf 84' lang='lat' dir='ltr'><strong>r.</strong></span> <span class='ocrx_word' id='word_1_181' title='bbox 827 2392 891 2459; x_wconf 86' lang='grc'><strong>618</strong></span> <span class='ocrx_word' id='word_1_182' title='bbox 916 2389 961 2478; x_wconf 80' lang='lat' dir='ltr'><strong>(p</strong></span> <span class='ocrx_word' id='word_1_183' title='bbox 980 2390 1074 2478; x_wconf 79' lang='lat'><strong>373):</strong></span> <span class='ocrx_word' id='word_1_184' title='bbox 1102 2387 1199 2469; x_wconf 84' lang='grc' dir='ltr'><em>οὗτος</em></span> <span class='ocrx_word' id='word_1_185' title='bbox 1224 2389 1326 2476; x_wconf 73' lang='grc' dir='ltr'><em>μὲνδ</em></span> 
     </span>
     <span class='ocr_line' id='line_1_21' title="bbox 153 2497 1327 2585; baseline 0 -21"><span class='ocrx_word' id='word_1_186' title='bbox 153 2504 259 2576; x_wconf 87' lang='grc' dir='ltr'><em>πλοῦς</em></span> <span class='ocrx_word' id='word_1_187' title='bbox 286 2500 420 2584; x_wconf 78' lang='grc' dir='ltr'><em>ἄριστος</em></span> <span class='ocrx_word' id='word_1_188' title='bbox 448 2497 503 2565; x_wconf 81' lang='grc' dir='ltr'><em>καὶ</em></span> <span class='ocrx_word' id='word_1_189' title='bbox 534 2499 697 2585; x_wconf 78' lang='grc' dir='ltr'><em>ἀβλαβής,</em></span> <span class='ocrx_word' id='word_1_190' title='bbox 727 2500 767 2566; x_wconf 86' lang='grc' dir='ltr'><strong>ὃν</strong></span> <span class='ocrx_word' id='word_1_191' title='bbox 794 2502 863 2565; x_wconf 79' lang='grc' dir='ltr'><strong>ἄνω</strong></span> <span class='ocrx_word' id='word_1_192' title='bbox 892 2505 1032 2585; x_wconf 77' lang='grc' dir='ltr'><em>εἴρηκεν.</em></span> <span class='ocrx_word' id='word_1_193' title='bbox 1078 2500 1182 2564; x_wconf 80' lang='grc' dir='ltr'><em>ἄλλον</em></span> <span class='ocrx_word' id='word_1_194' title='bbox 1209 2497 1249 2562; x_wconf 81' lang='grc' dir='ltr'><strong>δέ</strong></span> <span class='ocrx_word' id='word_1_195' title='bbox 1273 2516 1327 2564; x_wconf 89' lang='grc' dir='ltr'><strong>σοι</strong></span> 
     </span>
     <span class='ocr_line' id='line_1_22' title="bbox 155 2603 1327 2694; baseline 0 -25"><span class='ocrx_word' id='word_1_196' title='bbox 155 2603 239 2688; x_wconf 79' lang='grc' dir='ltr'><em>λέγω</em></span> <span class='ocrx_word' id='word_1_197' title='bbox 258 2606 417 2691; x_wconf 91' lang='grc' dir='ltr'><em>δεύτερον</em></span> <span class='ocrx_word' id='word_1_198' title='bbox 435 2613 551 2694; x_wconf 85' lang='grc' dir='ltr'><em>πλοῦν,</em></span> <span class='ocrx_word' id='word_1_199' title='bbox 575 2606 616 2672; x_wconf 91' lang='grc' dir='ltr'><strong>ού</strong></span> <span class='ocrx_word' id='word_1_200' title='bbox 633 2608 778 2692; x_wconf 82' lang='grc' dir='ltr'><em>χρηστὸν</em></span> <span class='ocrx_word' id='word_1_201' title='bbox 796 2605 867 2691; x_wconf 85' lang='grc' dir='ltr'><em>μέν,</em></span> <span class='ocrx_word' id='word_1_202' title='bbox 887 2605 970 2672; x_wconf 78' lang='grc' dir='ltr'><em>ἀλλὰ</em></span> <span class='ocrx_word' id='word_1_203' title='bbox 989 2607 1045 2671; x_wconf 89' lang='grc' dir='ltr'><em>διδι</em></span> <span class='ocrx_word' id='word_1_204' title='bbox 1063 2605 1125 2688; x_wconf 82' lang='grc' dir='ltr'><strong>τὴν</strong></span> <span class='ocrx_word' id='word_1_205' title='bbox 1143 2605 1327 2688; x_wconf 75' lang='grc' dir='ltr'><em>ἀπληστίαν</em></span> 
     </span>
     <span class='ocr_line' id='line_1_23' title="bbox 153 2709 1327 2799; baseline 0 -23"><span class='ocrx_word' id='word_1_206' title='bbox 153 2721 222 2776; x_wconf 82' lang='grc' dir='ltr'><strong>τῶν</strong></span> <span class='ocrx_word' id='word_1_207' title='bbox 241 2711 441 2798; x_wconf 81' lang='grc' dir='ltr'><em>ἀνθρώπων,</em></span> <span class='ocrx_word' id='word_1_208' title='bbox 461 2714 514 2779; x_wconf 84' lang='grc' dir='ltr'><strong>ὅτε</strong></span> <span class='ocrx_word' id='word_1_209' title='bbox 533 2712 666 2799; x_wconf 84' lang='grc' dir='ltr'><em>γίνηται</em></span> <span class='ocrx_word' id='word_1_210' title='bbox 685 2716 723 2780; x_wconf 89' lang='grc' dir='ltr'><strong>τὸ</strong></span> <span class='ocrx_word' id='word_1_211' title='bbox 742 2719 873 2798; x_wconf 82' lang='grc' dir='ltr'><em>φύλλον</em></span> <span class='ocrx_word' id='word_1_212' title='bbox 890 2721 949 2796; x_wconf 75' lang='grc' dir='ltr'><strong>τῆς</strong></span> <span class='ocrx_word' id='word_1_213' title='bbox 967 2721 1069 2796; x_wconf 76' lang='grc' dir='ltr'><em>συκῆς</em></span> <span class='ocrx_word' id='word_1_214' title='bbox 1088 2711 1168 2777; x_wconf 86' lang='grc' dir='ltr'><em>ὅσον</em></span> <span class='ocrx_word' id='word_1_215' title='bbox 1187 2709 1327 2795; x_wconf 81' lang='grc' dir='ltr'><em>ἐπιβᾶσα</em></span> 
     </span>
     <span class='ocr_line' id='line_1_24' title="bbox 153 2816 1326 2906; baseline 0 -23"><span class='ocrx_word' id='word_1_216' title='bbox 153 2816 174 2900; x_wconf 75' lang='grc' dir='ltr'><strong><em>ἡ</em></strong></span> <span class='ocrx_word' id='word_1_217' title='bbox 202 2821 333 2903; x_wconf 84' lang='grc' dir='ltr'><em>κορώνη</em></span> <span class='ocrx_word' id='word_1_218' title='bbox 362 2819 398 2885; x_wconf 75' lang='grc' dir='ltr'><strong>ἐν</strong></span> <span class='ocrx_word' id='word_1_219' title='bbox 425 2830 465 2906; x_wconf 72' lang='grc' dir='ltr'><strong>τῇ</strong></span> <span class='ocrx_word' id='word_1_220' title='bbox 492 2830 533 2906; x_wconf 75' lang='grc' dir='ltr'><strong>γῇ</strong></span> <span class='ocrx_word' id='word_1_221' title='bbox 562 2833 653 2887; x_wconf 79' lang='grc' dir='ltr'><em>ποιεῖ</em></span> <span class='ocrx_word' id='word_1_222' title='bbox 678 2823 784 2887; x_wconf 85' lang='grc' dir='ltr'><em>τύπον</em></span> <span class='ocrx_word' id='word_1_223' title='bbox 811 2830 871 2887; x_wconf 86' lang='grc' dir='ltr'><strong>τοῦ</strong></span> <span class='ocrx_word' id='word_1_224' title='bbox 894 2821 1013 2903; x_wconf 86' lang='grc' dir='ltr'><em>ποδός,</em></span> <span class='ocrx_word' id='word_1_225' title='bbox 1041 2821 1078 2885; x_wconf 87' lang='grc' dir='ltr'><strong>τὸ</strong></span> <span class='ocrx_word' id='word_1_226' title='bbox 1102 2817 1244 2903; x_wconf 79' lang='grc' dir='ltr'><em>μέγεθος</em></span> <span class='ocrx_word' id='word_1_227' title='bbox 1267 2828 1326 2883; x_wconf 86' lang='grc' dir='ltr'><strong>τοῦ</strong></span> 
     </span>
     <span class='ocr_line' id='line_1_25' title="bbox 154 2914 1326 3012; baseline -0.002 -22"><span class='ocrx_word' id='word_1_228' title='bbox 154 2925 287 3008; x_wconf 85' lang='grc' dir='ltr'><em>φύλλου</em></span> <span class='ocrx_word' id='word_1_229' title='bbox 314 2926 369 2992; x_wconf 80' lang='grc' dir='ltr'><strong>ὅτε</strong></span> <span class='ocrx_word' id='word_1_230' title='bbox 391 2917 412 3011; x_wconf 82' lang='grc' dir='ltr'><strong><em>ᾖ</em></strong></span> <span class='ocrx_word' id='word_1_231' title='bbox 436 2914 612 3011; x_wconf 87' lang='grc' dir='ltr'><em>τοσοῦτον,</em></span> <span class='ocrx_word' id='word_1_232' title='bbox 639 2934 792 2994; x_wconf 86' lang='grc' dir='ltr'><em>πλεῦσον.</em></span> <span class='ocrx_word' id='word_1_233' title='bbox 840 2929 905 3012; x_wconf 83' lang='grc' dir='ltr'><em>ἔχει</em></span> <span class='ocrx_word' id='word_1_234' title='bbox 929 2923 966 2991; x_wconf 73' lang='grc' dir='ltr'><strong>δὲ</strong></span> <span class='ocrx_word' id='word_1_235' title='bbox 991 2922 1130 3012; x_wconf 67' lang='grc' dir='ltr'><em>ἐμφερὲς</em></span> <span class='ocrx_word' id='word_1_236' title='bbox 1151 2926 1172 3010; x_wconf 76' lang='grc' dir='ltr'><strong><em>ἡ</em></strong></span> <span class='ocrx_word' id='word_1_237' title='bbox 1195 2926 1326 3010; x_wconf 81' lang='grc' dir='ltr'><em>κορύνη</em></span> 
     </span>
     <span class='ocr_line' id='line_1_26' title="bbox 154 3029 1326 3119; baseline 0 -23"><span class='ocrx_word' id='word_1_238' title='bbox 154 3032 192 3096; x_wconf 90' lang='grc' dir='ltr'><strong>τὸ</strong></span> <span class='ocrx_word' id='word_1_239' title='bbox 215 3041 276 3097; x_wconf 85' lang='grc' dir='ltr'><strong>τοῦ</strong></span> <span class='ocrx_word' id='word_1_240' title='bbox 295 3035 398 3110; x_wconf 86' lang='grc' dir='ltr'><em>ποδὸς</em></span> <span class='ocrx_word' id='word_1_241' title='bbox 417 3029 506 3111; x_wconf 80' lang='grc' dir='ltr'><em>εἶδος</em></span> <span class='ocrx_word' id='word_1_242' title='bbox 523 3047 594 3112; x_wconf 80' lang='grc' dir='ltr'><em>τοῖς</em></span> <span class='ocrx_word' id='word_1_243' title='bbox 612 3036 752 3119; x_wconf 78' lang='grc' dir='ltr'><em>φύλλοις</em></span> <span class='ocrx_word' id='word_1_244' title='bbox 770 3044 829 3119; x_wconf 78' lang='grc' dir='ltr'><strong>τῆς</strong></span> <span class='ocrx_word' id='word_1_245' title='bbox 848 3043 957 3118; x_wconf 78' lang='grc' dir='ltr'><em>συκῆς.</em></span> <span class='ocrx_word' id='word_1_246' title='bbox 993 3034 1118 3118; x_wconf 80' lang='grc' dir='ltr'><em>κράδας</em></span> <span class='ocrx_word' id='word_1_247' title='bbox 1136 3029 1173 3098; x_wconf 73' lang='grc' dir='ltr'><strong>δὲ</strong></span> <span class='ocrx_word' id='word_1_248' title='bbox 1192 3031 1326 3114; x_wconf 81' lang='grc' dir='ltr'><em>λέγουσι</em></span> 
     </span>
     <span class='ocr_line' id='line_1_27' title="bbox 153 3138 1325 3226; baseline 0.001 -24"><span class='ocrx_word' id='word_1_249' title='bbox 153 3141 233 3215; x_wconf 83' lang='grc' dir='ltr'><em>τοὺς</em></span> <span class='ocrx_word' id='word_1_250' title='bbox 252 3138 350 3216; x_wconf 80' lang='grc' dir='ltr'><em>νέους</em></span> <span class='ocrx_word' id='word_1_251' title='bbox 368 3145 526 3218; x_wconf 87' lang='grc' dir='ltr'><em>συκίνους</em></span> <span class='ocrx_word' id='word_1_252' title='bbox 545 3144 717 3226; x_wconf 82' lang='grc' dir='ltr'><em>βλαστούς,</em></span> <span class='ocrx_word' id='word_1_253' title='bbox 736 3141 799 3207; x_wconf 85' lang='grc' dir='ltr'><em>ιἰπὸ</em></span> <span class='ocrx_word' id='word_1_254' title='bbox 819 3151 880 3206; x_wconf 92' lang='grc' dir='ltr'><strong>τοῦ</strong></span> <span class='ocrx_word' id='word_1_255' title='bbox 900 3141 1143 3225; x_wconf 84' lang='grc' dir='ltr'><em>εὐκραδοίντους</em></span> <span class='ocrx_word' id='word_1_256' title='bbox 1156 3139 1325 3223; x_wconf 82' lang='grc' dir='ltr'><em>ὑπάρχειν.</em></span> 
     </span>
     <span class='ocr_line' id='line_1_28' title="bbox 154 3244 1325 3334; baseline 0.001 -26"><span class='ocrx_word' id='word_1_257' title='bbox 154 3244 200 3309; x_wconf 84' lang='lat' dir='ltr'><strong>Et</strong></span> <span class='ocrx_word' id='word_1_258' title='bbox 215 3248 292 3310; x_wconf 88' lang='lat' dir='ltr'><strong>sunt</strong></span> <span class='ocrx_word' id='word_1_259' title='bbox 304 3245 401 3311; x_wconf 89' lang='lat' dir='ltr'><strong>huius</strong></span> <span class='ocrx_word' id='word_1_260' title='bbox 415 3248 542 3334; x_wconf 83' lang='lat' dir='ltr'><strong>generis</strong></span> <span class='ocrx_word' id='word_1_261' title='bbox 557 3248 629 3334; x_wconf 86' lang='lat' dir='ltr'><strong>alia,</strong></span> <span class='ocrx_word' id='word_1_262' title='bbox 648 3270 715 3313; x_wconf 93' lang='lat' dir='ltr'><strong>non</strong></span> <span class='ocrx_word' id='word_1_263' title='bbox 727 3270 829 3332; x_wconf 89' lang='lat' dir='ltr'><strong>pauca</strong></span> <span class='ocrx_word' id='word_1_264' title='bbox 843 3270 880 3312; x_wconf 93' lang='lat' dir='ltr'><strong>ea</strong></span> <span class='ocrx_word' id='word_1_265' title='bbox 893 3246 961 3334; x_wconf 93' lang='lat' dir='ltr'><strong>illo,</strong></span> <span class='ocrx_word' id='word_1_266' title='bbox 974 3268 1070 3330; x_wconf 88' lang='lat' dir='ltr'><strong>quern</strong></span> <span class='ocrx_word' id='word_1_267' title='bbox 1084 3246 1234 3330; x_wconf 83' lang='lat' dir='ltr'><strong>diximus,</strong></span> <span class='ocrx_word' id='word_1_268' title='bbox 1245 3246 1325 3310; x_wconf 87' lang='lat' dir='ltr'><strong>loco.</strong></span> 
     </span>
    </p>

    <p class='ocr_par' dir='ltr' id='par_1_4' title="bbox 154 3351 1327 3739">
     <span class='ocr_line' id='line_1_29' title="bbox 245 3351 1327 3442; baseline 0 -26"><span class='ocrx_word' id='word_1_269' title='bbox 245 3351 331 3417; x_wconf 82' lang='lat' dir='ltr'><strong>Satis</strong></span> <span class='ocrx_word' id='word_1_270' title='bbox 349 3353 414 3419; x_wconf 89' lang='lat' dir='ltr'><strong>iam</strong></span> <span class='ocrx_word' id='word_1_271' title='bbox 432 3355 622 3419; x_wconf 84' lang='lat' dir='ltr'><strong>intellexisti</strong></span> <span class='ocrx_word' id='word_1_272' title='bbox 643 3354 823 3442; x_wconf 81' lang='lat' dir='ltr'><strong>discrimen,</strong></span> <span class='ocrx_word' id='word_1_273' title='bbox 846 3355 932 3440; x_wconf 90' lang='lat' dir='ltr'><strong>quod</strong></span> <span class='ocrx_word' id='word_1_274' title='bbox 950 3354 1127 3440; x_wconf 86' lang='lat' dir='ltr'><strong>posuimus,</strong></span> <span class='ocrx_word' id='word_1_275' title='bbox 1145 3374 1215 3417; x_wconf 89' lang='lat' dir='ltr'><strong>esse</strong></span> <span class='ocrx_word' id='word_1_276' title='bbox 1233 3351 1327 3438; x_wconf 92' lang='lat' dir='ltr'><strong>idem,</strong></span> 
     </span>
     <span class='ocr_line' id='line_1_30' title="bbox 154 3458 1327 3547; baseline -0.001 -24"><span class='ocrx_word' id='word_1_277' title='bbox 154 3459 241 3542; x_wconf 90' lang='lat' dir='ltr'><strong>quod</strong></span> <span class='ocrx_word' id='word_1_278' title='bbox 269 3460 427 3546; x_wconf 82' lang='lat' dir='ltr'><strong>disiungit</strong></span> <span class='ocrx_word' id='word_1_279' title='bbox 455 3484 474 3525; x_wconf 92' lang='lat' dir='ltr'><strong>a</strong></span> <span class='ocrx_word' id='word_1_280' title='bbox 500 3460 708 3545; x_wconf 88' lang='lat' dir='ltr'><strong>philosophia</strong></span> <span class='ocrx_word' id='word_1_281' title='bbox 735 3462 986 3547; x_wconf 87' lang='lat' dir='ltr'><strong>grammaticam.</strong></span> <span class='ocrx_word' id='word_1_282' title='bbox 1033 3459 1157 3524; x_wconf 82' lang='lat' dir='ltr'><strong>Statim</strong></span> <span class='ocrx_word' id='word_1_283' title='bbox 1178 3458 1327 3545; x_wconf 87' lang='lat' dir='ltr'><strong>efficitur,</strong></span> 
     </span>
     <span class='ocr_line' id='line_1_31' title="bbox 154 3565 1326 3653; baseline 0 -24"><span class='ocrx_word' id='word_1_284' title='bbox 154 3566 187 3630; x_wconf 91' lang='lat' dir='ltr'><strong>id</strong></span> <span class='ocrx_word' id='word_1_285' title='bbox 220 3567 306 3651; x_wconf 92' lang='lat' dir='ltr'><strong>quod</strong></span> <span class='ocrx_word' id='word_1_286' title='bbox 337 3567 565 3653; x_wconf 84' lang='lat' dir='ltr'><strong>gravissimum</strong></span> <span class='ocrx_word' id='word_1_287' title='bbox 597 3572 661 3653; x_wconf 88' lang='lat' dir='ltr'><strong>est,</strong></span> <span class='ocrx_word' id='word_1_288' title='bbox 696 3569 803 3634; x_wconf 84' lang='lat' dir='ltr'><strong>fontes</strong></span> <span class='ocrx_word' id='word_1_289' title='bbox 836 3591 964 3653; x_wconf 90' lang='lat' dir='ltr'><strong>quoque</strong></span> <span class='ocrx_word' id='word_1_290' title='bbox 994 3567 1125 3651; x_wconf 88' lang='lat' dir='ltr'><strong>utrique</strong></span> <span class='ocrx_word' id='word_1_291' title='bbox 1156 3565 1326 3650; x_wconf 87' lang='lat' dir='ltr'><strong>interpreti</strong></span> 
     </span>
     <span class='ocr_line' id='line_1_32' title="bbox 154 3673 430 3739; baseline 0.007 -2"><span class='ocrx_word' id='word_1_292' title='bbox 154 3674 255 3738; x_wconf 89' lang='lat' dir='ltr'><strong>fuisse</strong></span> <span class='ocrx_word' id='word_1_293' title='bbox 278 3673 430 3739; x_wconf 81' lang='lat' dir='ltr'><strong>diversos.</strong></span> 
     </span>
    </p>

    <p class='ocr_par' dir='ltr' id='par_1_5' title="bbox 155 3778 1326 4294">
     <span class='ocr_line' id='line_1_33' title="bbox 244 3778 1326 3866; baseline -0.001 -22"><span class='ocrx_word' id='word_1_294' title='bbox 244 3778 394 3845; x_wconf 76' lang='lat' dir='ltr'><strong>Ceterum</strong></span> <span class='ocrx_word' id='word_1_295' title='bbox 425 3781 553 3845; x_wconf 81' lang='lat' dir='ltr'><strong>videtur</strong></span> <span class='ocrx_word' id='word_1_296' title='bbox 586 3782 682 3846; x_wconf 87' lang='lat' dir='ltr'><strong>certis</strong></span> <span class='ocrx_word' id='word_1_297' title='bbox 715 3783 906 3866; x_wconf 88' lang='lat' dir='ltr'><strong>quibusdam</strong></span> <span class='ocrx_word' id='word_1_298' title='bbox 938 3779 1138 3866; x_wconf 81' lang='lat' dir='ltr'><strong>argumentis</strong></span> <span class='ocrx_word' id='word_1_299' title='bbox 1171 3779 1326 3844; x_wconf 80' lang='lat' dir='ltr'><strong>affirmari</strong></span> 
     </span>
     <span class='ocr_line' id='line_1_34' title="bbox 155 3885 1326 3974; baseline -0.002 -22"><span class='ocrx_word' id='word_1_300' title='bbox 155 3909 251 3971; x_wconf 89' lang='lat' dir='ltr'><strong>posse</strong></span> <span class='ocrx_word' id='word_1_301' title='bbox 274 3908 469 3971; x_wconf 86' lang='lat' dir='ltr'><strong>anonymum</strong></span> <span class='ocrx_word' id='word_1_302' title='bbox 492 3887 702 3972; x_wconf 90' lang='lat' dir='ltr'><strong>interpretem</strong></span> <span class='ocrx_word' id='word_1_303' title='bbox 720 3886 922 3955; x_wconf 78' lang='lat' dir='ltr'><strong>Christianae</strong></span> <span class='ocrx_word' id='word_1_304' title='bbox 942 3887 1017 3952; x_wconf 91' lang='lat' dir='ltr'><strong>fidei</strong></span> <span class='ocrx_word' id='word_1_305' title='bbox 1035 3887 1198 3952; x_wconf 85' lang='lat' dir='ltr'><strong>addictum</strong></span> <span class='ocrx_word' id='word_1_306' title='bbox 1216 3885 1326 3974; x_wconf 87' lang='lat' dir='ltr'><strong>fuisse,</strong></span> 
     </span>
     <span class='ocr_line' id='line_1_35' title="bbox 156 3994 1325 4082; baseline 0 -24"><span class='ocrx_word' id='word_1_307' title='bbox 156 3994 242 4078; x_wconf 89' lang='lat' dir='ltr'><strong>quod</strong></span> <span class='ocrx_word' id='word_1_308' title='bbox 270 3998 468 4079; x_wconf 88' lang='lat' dir='ltr'><strong>quantopere</strong></span> <span class='ocrx_word' id='word_1_309' title='bbox 495 3994 651 4061; x_wconf 89' lang='lat' dir='ltr'><strong>aProclc</strong></span> <span class='ocrx_word' id='word_1_310' title='bbox 675 3995 859 4081; x_wconf 87' lang='lat' dir='ltr'><strong>abhorreat,</strong></span> <span class='ocrx_word' id='word_1_311' title='bbox 886 4018 953 4061; x_wconf 93' lang='lat' dir='ltr'><strong>non</strong></span> <span class='ocrx_word' id='word_1_312' title='bbox 975 3999 1038 4082; x_wconf 87' lang='lat' dir='ltr'><strong>est,</strong></span> <span class='ocrx_word' id='word_1_313' title='bbox 1060 3994 1148 4079; x_wconf 89' lang='lat' dir='ltr'><strong>quod</strong></span> <span class='ocrx_word' id='word_1_314' title='bbox 1169 4015 1325 4059; x_wconf 86' lang='lat' dir='ltr'><strong>moneam.</strong></span> 
     </span>
     <span class='ocr_line' id='line_1_36' title="bbox 155 4097 1325 4190; baseline 0.001 -26"><span class='ocrx_word' id='word_1_315' title='bbox 155 4097 205 4164; x_wconf 89' lang='lat' dir='ltr'><strong>lta</strong></span> <span class='ocrx_word' id='word_1_316' title='bbox 232 4101 318 4164; x_wconf 88' lang='lat' dir='ltr'><strong>enim</strong></span> <span class='ocrx_word' id='word_1_317' title='bbox 346 4100 401 4166; x_wconf 89' lang='lat' dir='ltr'><strong>ille</strong></span> <span class='ocrx_word' id='word_1_318' title='bbox 428 4101 468 4166; x_wconf 90' lang='lat' dir='ltr'><strong>ad</strong></span> <span class='ocrx_word' id='word_1_319' title='bbox 489 4124 519 4166; x_wconf 81' lang='lat' dir='ltr'><strong>v.</strong></span> <span class='ocrx_word' id='word_1_320' title='bbox 540 4103 603 4168; x_wconf 84' lang='lat'><strong>169</strong></span> <span class='ocrx_word' id='word_1_321' title='bbox 628 4100 786 4190; x_wconf 79' lang='lat' dir='ltr'><strong>(p.142):</strong></span> <span class='ocrx_word' id='word_1_322' title='bbox 818 4103 974 4187; x_wconf 75' lang='grc' dir='ltr'><em>μακάρων</em></span> <span class='ocrx_word' id='word_1_323' title='bbox 1005 4105 1130 4185; x_wconf 71' lang='grc' dir='ltr'><em>νήσους</em></span> <span class='ocrx_word' id='word_1_324' title='bbox 1161 4109 1226 4165; x_wconf 86' lang='grc' dir='ltr'><strong>νῦν</strong></span> <span class='ocrx_word' id='word_1_325' title='bbox 1257 4103 1325 4166; x_wconf 91' lang='grc' dir='ltr'><strong>τὸν</strong></span> 
     </span>
     <span class='ocr_line' id='line_1_37' title="bbox 158 4206 1325 4294; baseline 0.002 -24"><span class='ocrx_word' id='word_1_326' title='bbox 158 4208 409 4292; x_wconf 80' lang='grc' dir='ltr'><em>Παράδεισον</em></span> <span class='ocrx_word' id='word_1_327' title='bbox 441 4211 673 4292; x_wconf 81' lang='grc' dir='ltr'><em>αἰνίττεται,</em></span> <span class='ocrx_word' id='word_1_328' title='bbox 704 4210 778 4292; x_wconf 75' lang='grc' dir='ltr'><em>ἤτοι</em></span> <span class='ocrx_word' id='word_1_329' title='bbox 810 4210 847 4275; x_wconf 89' lang='grc' dir='ltr'><strong>τὸ</strong></span> <span class='ocrx_word' id='word_1_330' title='bbox 880 4206 966 4294; x_wconf 87' lang='grc' dir='ltr'><em>παρ’</em></span> <span class='ocrx_word' id='word_1_331' title='bbox 1001 4208 1136 4284; x_wconf 78' lang='grc' dir='ltr'><em>αὐτοῖς</em></span> <span class='ocrx_word' id='word_1_332' title='bbox 1165 4206 1325 4273; x_wconf 86' lang='grc' dir='ltr'><em>Ἠλύσιον</em></span> 
     </span>
    </p>
   </div>
   <div class='ocr_carea' id='block_1_3' title="bbox 156 4349 368 4360">
    <p class='ocr_par' dir='ltr' id='par_1_6' title="bbox 156 4349 368 4360">
     <span class='ocr_line' id='line_1_38' title="bbox 156 4349 368 4360; baseline 0.009 -2"><span class='ocrx_word' id='word_1_333' title='bbox 156 4349 368 4360; x_wconf 73' lang='lat'><em>—--..-..-..</em></span> 
     </span>
    </p>
   </div>
   <div class='ocr_carea' id='block_1_4' title="bbox 247 4433 1324 4508">
    <p class='ocr_par' dir='ltr' id='par_1_7' title="bbox 247 4433 1324 4508">
     <span class='ocr_line' id='line_1_39' title="bbox 247 4433 1324 4508; baseline -0.002 -18"><span class='ocrx_word' id='word_1_334' title='bbox 247 4440 273 4508; x_wconf 81' lang='lat'><strong>1)</strong></span> <span class='ocrx_word' id='word_1_335' title='bbox 287 4437 319 4490; x_wconf 85' lang='grc' dir='ltr'><strong>τὸ</strong></span> <span class='ocrx_word' id='word_1_336' title='bbox 334 4434 365 4490; x_wconf 74' lang='grc' dir='ltr'><strong>δὲ</strong></span> <span class='ocrx_word' id='word_1_337' title='bbox 379 4435 474 4506; x_wconf 90' lang='lat' dir='ltr'><strong>potius</strong></span> <span class='ocrx_word' id='word_1_338' title='bbox 489 4439 532 4491; x_wconf 91' lang='lat' dir='ltr'><strong>est</strong></span> <span class='ocrx_word' id='word_1_339' title='bbox 546 4437 696 4492; x_wconf 88' lang='lat' dir='ltr'><strong>delendum</strong></span> <span class='ocrx_word' id='word_1_340' title='bbox 711 4440 740 4492; x_wconf 89' lang='lat' dir='ltr'><strong>et</strong></span> <span class='ocrx_word' id='word_1_341' title='bbox 753 4434 905 4506; x_wconf 76' lang='grc' dir='ltr'><em>παυρίδιον</em></span> <span class='ocrx_word' id='word_1_342' title='bbox 915 4438 1034 4503; x_wconf 77' lang='grc' dir='ltr'><em>ζώεσκον</em></span> <span class='ocrx_word' id='word_1_343' title='bbox 1042 4435 1146 4491; x_wconf 89' lang='lat' dir='ltr'><strong>lemma</strong></span> <span class='ocrx_word' id='word_1_344' title='bbox 1154 4433 1324 4495; x_wconf 82' lang='lat' dir='ltr'><strong>habendum.</strong></span> 
     </span>
    </p>
   </div>
   <div class='ocr_carea' id='block_1_5' title="bbox 0 0 1490 4980">
    <p class='ocr_par' dir='ltr' id='par_1_8' title="bbox 0 0 1490 4980">
     <span class='ocr_line' id='line_1_40' title="bbox 0 0 1490 4980; baseline 0 0"><span class='ocrx_word' id='word_1_345' title='bbox 0 0 1490 4980; x_wconf 95' lang='lat' dir='ltr'><strong> </strong></span> 
     </span>
    </p>
   </div>
  </div>
 </body>
</html>
