<?xml version="1.0" encoding="UTF-8"?>
<!DOCTYPE html PUBLIC "-//W3C//DTD XHTML 1.0 Transitional//EN"
    "http://www.w3.org/TR/xhtml1/DTD/xhtml1-transitional.dtd">
<html xmlns="http://www.w3.org/1999/xhtml" xml:lang="en" lang="en">
 <head>
  <title>
</title>
<meta http-equiv="Content-Type" content="text/html;charset=utf-8" />
  <meta name='ocr-system' content='tesseract 3.04.00' />
  <meta name='ocr-capabilities' content='ocr_page ocr_carea ocr_par ocr_line ocrx_word'/>
</head>
<body>
  <div class='ocr_page' id='page_1' title='image "./studiahesiodeas00dimigoog_0063.png"; bbox 0 0 2970 4980; ppageno 0'>
   <div class='ocr_carea' id='block_1_1' title="bbox 161 334 861 398">
    <p class='ocr_par' dir='ltr' id='par_1_1' title="bbox 161 334 861 398">
     <span class='ocr_line' id='line_1_1' title="bbox 161 334 861 398; baseline 0 -10"><span class='ocrx_word' id='word_1_1' title='bbox 161 335 203 398; x_wconf 81' lang='lat'><strong>52</strong></span> <span class='ocrx_word' id='word_1_2' title='bbox 631 334 744 389; x_wconf 78' lang='lat' dir='ltr'>Scholia</span> <span class='ocrx_word' id='word_1_3' title='bbox 762 335 861 389; x_wconf 87' lang='lat' dir='ltr'><strong>Procli.</strong></span> 
     </span>
    </p>
   </div>
   <div class='ocr_carea' id='block_1_2' title="bbox 155 494 1402 3361">
    <p class='ocr_par' dir='ltr' id='par_1_2' title="bbox 157 494 1402 2184">
     <span class='ocr_line' id='line_1_2' title="bbox 161 494 1334 584; baseline 0 -22"><span class='ocrx_word' id='word_1_4' title='bbox 161 497 353 584; x_wconf 87' lang='lat' dir='ltr'><strong>sedetiam,</strong></span> <span class='ocrx_word' id='word_1_5' title='bbox 377 497 464 582; x_wconf 92' lang='lat' dir='ltr'><strong>quod</strong></span> <span class='ocrx_word' id='word_1_6' title='bbox 487 519 556 562; x_wconf 90' lang='lat' dir='ltr'><strong>eam</strong></span> <span class='ocrx_word' id='word_1_7' title='bbox 579 519 648 562; x_wconf 89' lang='lat' dir='ltr'><strong>esse</strong></span> <span class='ocrx_word' id='word_1_8' title='bbox 672 520 763 563; x_wconf 87' lang='lat' dir='ltr'><strong>suam</strong></span> <span class='ocrx_word' id='word_1_9' title='bbox 786 499 855 582; x_wconf 87' lang='lat' dir='ltr'><strong>ipse</strong></span> <span class='ocrx_word' id='word_1_10' title='bbox 878 500 1018 562; x_wconf 87' lang='lat' dir='ltr'><strong>testatur</strong></span> <span class='ocrx_word' id='word_1_11' title='bbox 1042 494 1085 583; x_wconf 89' lang='lat' dir='ltr'><strong>(p.</strong></span> <span class='ocrx_word' id='word_1_12' title='bbox 1107 498 1157 584; x_wconf 81' lang='lat'><strong>12,</strong></span> <span class='ocrx_word' id='word_1_13' title='bbox 1179 494 1334 584; x_wconf 82' lang='lat'><strong>13-16).</strong></span> 
     </span>
     <span class='ocr_line' id='line_1_3' title="bbox 159 603 1333 688; baseline 0.001 -20"><span class='ocrx_word' id='word_1_14' title='bbox 159 603 205 668; x_wconf 87' lang='lat' dir='ltr'><strong>Ht</strong></span> <span class='ocrx_word' id='word_1_15' title='bbox 238 603 391 688; x_wconf 92' lang='lat' dir='ltr'><strong>quoniam</strong></span> <span class='ocrx_word' id='word_1_16' title='bbox 420 626 478 688; x_wconf 92' lang='lat' dir='ltr'><strong>per</strong></span> <span class='ocrx_word' id='word_1_17' title='bbox 504 603 609 688; x_wconf 81' lang='lat' dir='ltr'><strong>ipsam</strong></span> <span class='ocrx_word' id='word_1_18' title='bbox 636 605 737 669; x_wconf 85' lang='lat' dir='ltr'><strong>vitam</strong></span> <span class='ocrx_word' id='word_1_19' title='bbox 764 605 855 669; x_wconf 89' lang='lat' dir='ltr'><strong>nulla</strong></span> <span class='ocrx_word' id='word_1_20' title='bbox 883 608 931 668; x_wconf 89' lang='lat' dir='ltr'><strong>est</strong></span> <span class='ocrx_word' id='word_1_21' title='bbox 959 603 1133 669; x_wconf 87' lang='lat' dir='ltr'><strong>adversarii</strong></span> <span class='ocrx_word' id='word_1_22' title='bbox 1162 604 1333 688; x_wconf 77' lang='lat' dir='ltr'><strong>cavillatio,</strong></span> 
     </span>
     <span class='ocr_line' id='line_1_4' title="bbox 160 702 1402 797; baseline 0.001 -23"><span class='ocrx_word' id='word_1_23' title='bbox 160 714 246 774; x_wconf 89' lang='lat' dir='ltr'><strong>recte</strong></span> <span class='ocrx_word' id='word_1_24' title='bbox 273 709 354 774; x_wconf 92' lang='lat' dir='ltr'><strong>mihi</strong></span> <span class='ocrx_word' id='word_1_25' title='bbox 382 708 508 774; x_wconf 85' lang='lat' dir='ltr'><strong>videtur</strong></span> <span class='ocrx_word' id='word_1_26' title='bbox 531 708 691 796; x_wconf 83' lang='lat' dir='ltr'><strong>Bergkius</strong></span> <span class='ocrx_word' id='word_1_27' title='bbox 720 711 873 775; x_wconf 75' lang='lat' dir='ltr'><strong>statuisse</strong></span> <span class='ocrx_word' id='word_1_28' title='bbox 895 709 1043 774; x_wconf 78' lang='lat' dir='ltr'><strong>Tzetzam</strong></span> <span class='ocrx_word' id='word_1_29' title='bbox 1070 731 1139 774; x_wconf 86' lang='lat' dir='ltr'><strong>esse</strong></span> <span class='ocrx_word' id='word_1_30' title='bbox 1163 713 1334 797; x_wconf 85' lang='lat' dir='ltr'><strong>auctorem,</strong></span> <span class='ocrx_word' id='word_1_31' title='bbox 1399 702 1402 707; x_wconf 55' lang='grc'>’</span> 
     </span>
     <span class='ocr_line' id='line_1_5' title="bbox 159 815 1333 902; baseline 0.003 -23"><span class='ocrx_word' id='word_1_32' title='bbox 159 819 266 880; x_wconf 89' lang='lat' dir='ltr'><strong>tenere</strong></span> <span class='ocrx_word' id='word_1_33' title='bbox 304 818 410 880; x_wconf 91' lang='lat' dir='ltr'><strong>autem</strong></span> <span class='ocrx_word' id='word_1_34' title='bbox 446 837 506 881; x_wconf 88' lang='lat' dir='ltr'><strong>nos</strong></span> <span class='ocrx_word' id='word_1_35' title='bbox 539 816 697 901; x_wconf 81' lang='lat' dir='ltr'><strong>duplicem</strong></span> <span class='ocrx_word' id='word_1_36' title='bbox 733 816 951 881; x_wconf 88' lang='lat' dir='ltr'><strong>recensionem</strong></span> <span class='ocrx_word' id='word_1_37' title='bbox 984 815 1130 900; x_wconf 86' lang='lat' dir='ltr'><strong>opusculi</strong></span> <span class='ocrx_word' id='word_1_38' title='bbox 1162 816 1333 902; x_wconf 79' lang='lat' dir='ltr'><strong>Tretziani,</strong></span> 
     </span>
     <span class='ocr_line' id='line_1_6' title="bbox 159 922 1334 1009; baseline 0.003 -24"><span class='ocrx_word' id='word_1_39' title='bbox 159 922 336 1006; x_wconf 87' lang='lat' dir='ltr'><strong>pleniorem</strong></span> <span class='ocrx_word' id='word_1_40' title='bbox 369 922 408 986; x_wconf 89' lang='lat' dir='ltr'><strong>ab</strong></span> <span class='ocrx_word' id='word_1_41' title='bbox 441 923 511 1007; x_wconf 90' lang='lat' dir='ltr'><strong>ipso</strong></span> <span class='ocrx_word' id='word_1_42' title='bbox 544 924 772 1009; x_wconf 86' lang='lat' dir='ltr'><strong>conscriptam,</strong></span> <span class='ocrx_word' id='word_1_43' title='bbox 809 923 943 987; x_wconf 87' lang='lat' dir='ltr'><strong>alteram</strong></span> <span class='ocrx_word' id='word_1_44' title='bbox 973 923 1070 1007; x_wconf 91' lang='lat' dir='ltr'><strong>paulo</strong></span> <span class='ocrx_word' id='word_1_45' title='bbox 1105 922 1285 988; x_wconf 81' lang='lat' dir='ltr'><strong>breviorem</strong></span> <span class='ocrx_word' id='word_1_46' title='bbox 1316 947 1334 988; x_wconf 91' lang='lat' dir='ltr'><strong>a</strong></span> 
     </span>
     <span class='ocr_line' id='line_1_7' title="bbox 158 1028 1333 1115; baseline 0.003 -23"><span class='ocrx_word' id='word_1_47' title='bbox 158 1028 291 1093; x_wconf 90' lang='lat' dir='ltr'><strong>librario</strong></span> <span class='ocrx_word' id='word_1_48' title='bbox 318 1029 548 1115; x_wconf 89' lang='lat' dir='ltr'><strong>recentissimo,</strong></span> <span class='ocrx_word' id='word_1_49' title='bbox 572 1035 622 1094; x_wconf 90' lang='lat' dir='ltr'><strong>est</strong></span> <span class='ocrx_word' id='word_1_50' title='bbox 641 1031 726 1094; x_wconf 91' lang='lat' dir='ltr'><strong>enim</strong></span> <span class='ocrx_word' id='word_1_51' title='bbox 745 1034 871 1094; x_wconf 81' lang='lat' dir='ltr'><strong>servata</strong></span> <span class='ocrx_word' id='word_1_52' title='bbox 888 1030 924 1093; x_wconf 95' lang='lat' dir='ltr'><strong>in</strong></span> <span class='ocrx_word' id='word_1_53' title='bbox 941 1030 1034 1094; x_wconf 88' lang='lat' dir='ltr'><strong>libris</strong></span> <span class='ocrx_word' id='word_1_54' title='bbox 1053 1031 1159 1094; x_wconf 90' lang='lat' dir='ltr'><strong>tribus</strong></span> <span class='ocrx_word' id='word_1_55' title='bbox 1177 1029 1333 1096; x_wconf 87' lang='lat' dir='ltr'><strong>Parisinis</strong></span> 
     </span>
     <span class='ocr_line' id='line_1_8' title="bbox 160 1133 1333 1222; baseline 0.001 -22"><span class='ocrx_word' id='word_1_56' title='bbox 160 1136 278 1201; x_wconf 88' lang='lat' dir='ltr'><strong>saeculi</strong></span> <span class='ocrx_word' id='word_1_57' title='bbox 301 1135 415 1200; x_wconf 89' lang='lat' dir='ltr'><strong>decimi</strong></span> <span class='ocrx_word' id='word_1_58' title='bbox 439 1135 553 1219; x_wconf 89' lang='lat' dir='ltr'><strong>quinti.</strong></span> <span class='ocrx_word' id='word_1_59' title='bbox 595 1133 837 1219; x_wconf 89' lang='lat' dir='ltr'><strong>Discrepantias</strong></span> <span class='ocrx_word' id='word_1_60' title='bbox 859 1135 911 1199; x_wconf 85' lang='lat' dir='ltr'><strong>vel</strong></span> <span class='ocrx_word' id='word_1_61' title='bbox 934 1157 972 1199; x_wconf 81' lang='lat' dir='ltr'><strong>ex</strong></span> <span class='ocrx_word' id='word_1_62' title='bbox 994 1135 1198 1222; x_wconf 78' lang='lat' dir='ltr'><strong>neglegentia</strong></span> <span class='ocrx_word' id='word_1_63' title='bbox 1221 1136 1273 1201; x_wconf 87' lang='lat' dir='ltr'><strong>vel</strong></span> <span class='ocrx_word' id='word_1_64' title='bbox 1294 1160 1333 1201; x_wconf 86' lang='lat' dir='ltr'><strong>ex</strong></span> 
     </span>
     <span class='ocr_line' id='line_1_9' title="bbox 160 1240 1333 1329; baseline 0.001 -21"><span class='ocrx_word' id='word_1_65' title='bbox 160 1243 330 1308; x_wconf 85' lang='lat' dir='ltr'><strong>brevitatis</strong></span> <span class='ocrx_word' id='word_1_66' title='bbox 353 1242 459 1306; x_wconf 90' lang='lat' dir='ltr'><strong>studio</strong></span> <span class='ocrx_word' id='word_1_67' title='bbox 483 1264 552 1307; x_wconf 87' lang='lat' dir='ltr'><strong>esse</strong></span> <span class='ocrx_word' id='word_1_68' title='bbox 574 1246 675 1307; x_wconf 88' lang='lat' dir='ltr'><strong>natas.</strong></span> <span class='ocrx_word' id='word_1_69' title='bbox 683 1240 708 1329; x_wconf 89' lang='lat'><strong>1)</strong></span> <span class='ocrx_word' id='word_1_70' title='bbox 751 1241 859 1307; x_wconf 91' lang='lat' dir='ltr'><strong>Unum</strong></span> <span class='ocrx_word' id='word_1_71' title='bbox 881 1241 971 1327; x_wconf 91' lang='lat' dir='ltr'><strong>illud,</strong></span> <span class='ocrx_word' id='word_1_72' title='bbox 994 1241 1080 1326; x_wconf 92' lang='lat' dir='ltr'><strong>quod</strong></span> <span class='ocrx_word' id='word_1_73' title='bbox 1098 1243 1333 1309; x_wconf 87' lang='lat' dir='ltr'><strong>dubitationem</strong></span> 
     </span>
     <span class='ocr_line' id='line_1_10' title="bbox 158 1347 1333 1437; baseline 0.001 -23"><span class='ocrx_word' id='word_1_74' title='bbox 158 1354 282 1437; x_wconf 88' lang='lat' dir='ltr'><strong>movet,</strong></span> <span class='ocrx_word' id='word_1_75' title='bbox 304 1347 498 1414; x_wconf 81' lang='lat' dir='ltr'><strong>Aristoteles</strong></span> <span class='ocrx_word' id='word_1_76' title='bbox 526 1349 675 1414; x_wconf 89' lang='lat' dir='ltr'><strong>laudatus</strong></span> <span class='ocrx_word' id='word_1_77' title='bbox 703 1350 759 1436; x_wconf 88' lang='lat' dir='ltr'><strong>ita,</strong></span> <span class='ocrx_word' id='word_1_78' title='bbox 790 1353 827 1413; x_wconf 93' lang='lat' dir='ltr'><strong>ut</strong></span> <span class='ocrx_word' id='word_1_79' title='bbox 853 1348 979 1413; x_wconf 91' lang='lat' dir='ltr'><strong>laudari</strong></span> <span class='ocrx_word' id='word_1_80' title='bbox 1005 1371 1072 1414; x_wconf 92' lang='lat' dir='ltr'><strong>non</strong></span> <span class='ocrx_word' id='word_1_81' title='bbox 1099 1349 1182 1415; x_wconf 91' lang='lat' dir='ltr'><strong>solet</strong></span> <span class='ocrx_word' id='word_1_82' title='bbox 1210 1351 1250 1415; x_wconf 92' lang='lat' dir='ltr'><strong>ab</strong></span> <span class='ocrx_word' id='word_1_83' title='bbox 1278 1350 1333 1416; x_wconf 93' lang='lat' dir='ltr'><strong>ho-</strong></span> 
     </span>
     <span class='ocr_line' id='line_1_11' title="bbox 160 1453 1333 1544; baseline 0.003 -24"><span class='ocrx_word' id='word_1_84' title='bbox 160 1458 247 1521; x_wconf 92' lang='lat' dir='ltr'><strong>mine</strong></span> <span class='ocrx_word' id='word_1_85' title='bbox 265 1456 396 1521; x_wconf 90' lang='lat' dir='ltr'><strong>indocto</strong></span> <span class='ocrx_word' id='word_1_86' title='bbox 417 1454 460 1544; x_wconf 86' lang='lat' dir='ltr'><strong>(p.</strong></span> <span class='ocrx_word' id='word_1_87' title='bbox 481 1459 510 1544; x_wconf 88' lang='lat'><strong>8,</strong></span> <span class='ocrx_word' id='word_1_88' title='bbox 531 1458 563 1542; x_wconf 78' lang='lat'><strong>13</strong></span> <span class='ocrx_word' id='word_1_89' title='bbox 586 1457 624 1521; x_wconf 89' lang='lat' dir='ltr'><strong>cf.</strong></span> <span class='ocrx_word' id='word_1_90' title='bbox 643 1479 673 1540; x_wconf 91' lang='lat' dir='ltr'><strong>p.</strong></span> <span class='ocrx_word' id='word_1_91' title='bbox 695 1456 746 1542; x_wconf 90' lang='lat'><strong>18,</strong></span> <span class='ocrx_word' id='word_1_92' title='bbox 764 1453 809 1543; x_wconf 85' lang='lat'><strong>3),</strong></span> <span class='ocrx_word' id='word_1_93' title='bbox 829 1455 927 1520; x_wconf 84' lang='lat' dir='ltr'><strong>solvit</strong></span> <span class='ocrx_word' id='word_1_94' title='bbox 945 1478 1015 1521; x_wconf 87' lang='lat' dir='ltr'><strong>mea</strong></span> <span class='ocrx_word' id='word_1_95' title='bbox 1034 1456 1162 1540; x_wconf 88' lang='lat' dir='ltr'><strong>quidem</strong></span> <span class='ocrx_word' id='word_1_96' title='bbox 1181 1458 1333 1542; x_wconf 87' lang='lat' dir='ltr'><strong>opinione</strong></span> 
     </span>
     <span class='ocr_line' id='line_1_12' title="bbox 161 1562 1332 1650; baseline 0.002 -22"><span class='ocrx_word' id='word_1_97' title='bbox 161 1569 246 1628; x_wconf 89' lang='lat' dir='ltr'><strong>recte</strong></span> <span class='ocrx_word' id='word_1_98' title='bbox 269 1564 325 1628; x_wconf 93' lang='lat' dir='ltr'><strong>ille</strong></span> <span class='ocrx_word' id='word_1_99' title='bbox 347 1563 430 1650; x_wconf 91' lang='lat' dir='ltr'><strong>ipse,</strong></span> <span class='ocrx_word' id='word_1_100' title='bbox 462 1564 514 1629; x_wconf 88' lang='lat' dir='ltr'><strong>cui</strong></span> <span class='ocrx_word' id='word_1_101' title='bbox 536 1565 674 1628; x_wconf 86' lang='lat' dir='ltr'><strong>maxime</strong></span> <span class='ocrx_word' id='word_1_102' title='bbox 698 1567 774 1627; x_wconf 88' lang='lat' dir='ltr'><strong>sunt</strong></span> <span class='ocrx_word' id='word_1_103' title='bbox 796 1562 870 1626; x_wconf 91' lang='lat' dir='ltr'><strong>inde</strong></span> <span class='ocrx_word' id='word_1_104' title='bbox 899 1563 1041 1648; x_wconf 89' lang='lat' dir='ltr'><strong>scrupuli</strong></span> <span class='ocrx_word' id='word_1_105' title='bbox 1069 1564 1193 1650; x_wconf 88' lang='lat' dir='ltr'><strong>iniecti,</strong></span> <span class='ocrx_word' id='word_1_106' title='bbox 1222 1563 1332 1632; x_wconf 82' lang='lat' dir='ltr'><strong>Goett</strong></span> 
     </span>
     <span class='ocr_line' id='line_1_13' title="bbox 161 1668 1399 1759; baseline 0.003 -25"><span class='ocrx_word' id='word_1_107' title='bbox 161 1668 323 1759; x_wconf 52' lang='lat' dir='ltr'><strong>lingiusd)</strong></span> <span class='ocrx_word' id='word_1_108' title='bbox 370 1669 484 1754; x_wconf 88' lang='lat' dir='ltr'><strong>Neque</strong></span> <span class='ocrx_word' id='word_1_109' title='bbox 513 1670 640 1755; x_wconf 85' lang='lat' dir='ltr'><strong>Tzetza,</strong></span> <span class='ocrx_word' id='word_1_110' title='bbox 673 1670 759 1754; x_wconf 93' lang='lat' dir='ltr'><strong>quod</strong></span> <span class='ocrx_word' id='word_1_111' title='bbox 791 1673 876 1734; x_wconf 88' lang='lat' dir='ltr'><strong>esset</strong></span> <span class='ocrx_word' id='word_1_112' title='bbox 908 1671 1047 1734; x_wconf 86' lang='lat' dir='ltr'><strong>maxime</strong></span> <span class='ocrx_word' id='word_1_113' title='bbox 1079 1670 1267 1738; x_wconf 85' lang='lat' dir='ltr'><strong>admirabile</strong></span> <span class='ocrx_word' id='word_1_114' title='bbox 1299 1673 1332 1737; x_wconf 89' lang='lat' dir='ltr'><strong>in</strong></span> <span class='ocrx_word' id='word_1_115' title='bbox 1396 1706 1399 1712; x_wconf 39' lang='lat'><em>¹</em></span> 
     </span>
     <span class='ocr_line' id='line_1_14' title="bbox 161 1775 1332 1863; baseline 0.003 -22"><span class='ocrx_word' id='word_1_116' title='bbox 161 1777 223 1841; x_wconf 91' lang='lat' dir='ltr'><strong>hoc</strong></span> <span class='ocrx_word' id='word_1_117' title='bbox 249 1776 393 1863; x_wconf 89' lang='lat' dir='ltr'><strong>homine,</strong></span> <span class='ocrx_word' id='word_1_118' title='bbox 420 1778 489 1861; x_wconf 89' lang='lat' dir='ltr'><strong>ipse</strong></span> <span class='ocrx_word' id='word_1_119' title='bbox 516 1777 617 1841; x_wconf 77' lang='lat' dir='ltr'><strong>vitam</strong></span> <span class='ocrx_word' id='word_1_120' title='bbox 644 1776 835 1860; x_wconf 87' lang='lat' dir='ltr'><strong>composuit.</strong></span> <span class='ocrx_word' id='word_1_121' title='bbox 880 1775 1077 1842; x_wconf 83' lang='lat' dir='ltr'><strong>Profluxisse</strong></span> <span class='ocrx_word' id='word_1_122' title='bbox 1104 1801 1173 1843; x_wconf 88' lang='lat' dir='ltr'><strong>eam</strong></span> <span class='ocrx_word' id='word_1_123' title='bbox 1201 1801 1218 1844; x_wconf 92' lang='lat' dir='ltr'><strong>e</strong></span> <span class='ocrx_word' id='word_1_124' title='bbox 1243 1779 1332 1844; x_wconf 87' lang='lat' dir='ltr'><strong>fonte</strong></span> 
     </span>
     <span class='ocr_line' id='line_1_15' title="bbox 157 1883 1331 1969; baseline 0.003 -21"><span class='ocrx_word' id='word_1_125' title='bbox 157 1883 209 1948; x_wconf 84' lang='lat' dir='ltr'><strong>vel</strong></span> <span class='ocrx_word' id='word_1_126' title='bbox 238 1883 348 1949; x_wconf 90' lang='lat' dir='ltr'><strong>eodem</strong></span> <span class='ocrx_word' id='word_1_127' title='bbox 376 1883 428 1947; x_wconf 88' lang='lat' dir='ltr'><strong>vel</strong></span> <span class='ocrx_word' id='word_1_128' title='bbox 456 1883 485 1947; x_wconf 95' lang='lat' dir='ltr'><strong>ei</strong></span> <span class='ocrx_word' id='word_1_129' title='bbox 513 1883 691 1969; x_wconf 89' lang='lat' dir='ltr'><strong>simillim0,</strong></span> <span class='ocrx_word' id='word_1_130' title='bbox 719 1905 736 1947; x_wconf 89' lang='lat' dir='ltr'><strong>e</strong></span> <span class='ocrx_word' id='word_1_131' title='bbox 764 1905 828 1967; x_wconf 92' lang='lat' dir='ltr'><strong>quo</strong></span> <span class='ocrx_word' id='word_1_132' title='bbox 857 1887 1015 1949; x_wconf 89' lang='lat' dir='ltr'><strong>tractatus</strong></span> <span class='ocrx_word' id='word_1_133' title='bbox 1043 1885 1098 1949; x_wconf 87' lang='lat' dir='ltr'><strong>ille</strong></span> <span class='ocrx_word' id='word_1_134' title='bbox 1125 1885 1331 1952; x_wconf 84' lang='lat' dir='ltr'><strong>Florentinus</strong></span> 
     </span>
     <span class='ocr_line' id='line_1_16' title="bbox 161 1987 1330 2078; baseline 0.005 -25"><span class='ocrx_word' id='word_1_135' title='bbox 161 1990 305 2054; x_wconf 87' lang='lat' dir='ltr'><strong>manavit</strong></span> <span class='ocrx_word' id='word_1_136' title='bbox 328 1990 382 2076; x_wconf 83' lang='lat' dir='ltr'><strong>(de</strong></span> <span class='ocrx_word' id='word_1_137' title='bbox 405 1987 587 2055; x_wconf 81' lang='lat' dir='ltr'><strong>Certamine</strong></span> <span class='ocrx_word' id='word_1_138' title='bbox 610 1989 744 2056; x_wconf 91' lang='lat' dir='ltr'><strong>Homeri</strong></span> <span class='ocrx_word' id='word_1_139' title='bbox 766 1994 799 2055; x_wconf 88' lang='lat' dir='ltr'><strong>et</strong></span> <span class='ocrx_word' id='word_1_140' title='bbox 817 1989 966 2078; x_wconf 86' lang='lat' dir='ltr'><strong>Hesiodi)</strong></span> <span class='ocrx_word' id='word_1_141' title='bbox 990 1991 1110 2056; x_wconf 89' lang='lat' dir='ltr'><strong>dudum</strong></span> <span class='ocrx_word' id='word_1_142' title='bbox 1133 1996 1182 2057; x_wconf 89' lang='lat' dir='ltr'><strong>est</strong></span> <span class='ocrx_word' id='word_1_143' title='bbox 1206 1992 1330 2059; x_wconf 90' lang='lat' dir='ltr'><strong>demon-</strong></span> 
     </span>
     <span class='ocr_line' id='line_1_17' title="bbox 161 2095 340 2184; baseline 0 -23"><span class='ocrx_word' id='word_1_144' title='bbox 161 2095 340 2184; x_wconf 81' lang='lat' dir='ltr'><strong>stratum.)</strong></span> 
     </span>
    </p>

    <p class='ocr_par' dir='ltr' id='par_1_3' title="bbox 155 2201 1331 3361">
     <span class='ocr_line' id='line_1_18' title="bbox 246 2201 1330 2292; baseline 0.005 -26"><span class='ocrx_word' id='word_1_145' title='bbox 246 2201 299 2266; x_wconf 85' lang='lat' dir='ltr'><strong>Ad</strong></span> <span class='ocrx_word' id='word_1_146' title='bbox 321 2226 349 2268; x_wconf 80' lang='lat' dir='ltr'><strong>v.</strong></span> <span class='ocrx_word' id='word_1_147' title='bbox 371 2205 403 2282; x_wconf 89' lang='lat'><strong>1,</strong></span> <span class='ocrx_word' id='word_1_148' title='bbox 427 2206 464 2267; x_wconf 92' lang='lat' dir='ltr'><strong>ut</strong></span> <span class='ocrx_word' id='word_1_149' title='bbox 487 2203 527 2267; x_wconf 90' lang='lat' dir='ltr'><strong>ad</strong></span> <span class='ocrx_word' id='word_1_150' title='bbox 550 2202 672 2268; x_wconf 88' lang='lat' dir='ltr'><strong>scholia</strong></span> <span class='ocrx_word' id='word_1_151' title='bbox 694 2204 876 2292; x_wconf 89' lang='lat' dir='ltr'><strong>redeamus,</strong></span> <span class='ocrx_word' id='word_1_152' title='bbox 898 2204 1018 2269; x_wconf 89' lang='lat' dir='ltr'><strong>tradita</strong></span> <span class='ocrx_word' id='word_1_153' title='bbox 1042 2209 1119 2270; x_wconf 91' lang='lat' dir='ltr'><strong>sunt</strong></span> <span class='ocrx_word' id='word_1_154' title='bbox 1141 2204 1248 2271; x_wconf 90' lang='lat' dir='ltr'><strong>Procli</strong></span> <span class='ocrx_word' id='word_1_155' title='bbox 1271 2207 1330 2272; x_wconf 83' lang='lat' dir='ltr'><strong>sub</strong></span> 
     </span>
     <span class='ocr_line' id='line_1_19' title="bbox 157 2310 1331 2398; baseline 0.003 -24"><span class='ocrx_word' id='word_1_156' title='bbox 157 2310 302 2397; x_wconf 91' lang='lat' dir='ltr'><strong>nomine,</strong></span> <span class='ocrx_word' id='word_1_157' title='bbox 335 2332 416 2394; x_wconf 91' lang='lat' dir='ltr'><strong>quae</strong></span> <span class='ocrx_word' id='word_1_158' title='bbox 444 2313 520 2374; x_wconf 90' lang='lat' dir='ltr'><strong>sunt</strong></span> <span class='ocrx_word' id='word_1_159' title='bbox 547 2334 577 2395; x_wconf 89' lang='lat' dir='ltr'><strong>p.</strong></span> <span class='ocrx_word' id='word_1_160' title='bbox 600 2310 746 2398; x_wconf 74' lang='lat'><strong>23-24,</strong></span> <span class='ocrx_word' id='word_1_161' title='bbox 765 2311 822 2397; x_wconf 77' lang='lat'><strong>23,</strong></span> <span class='ocrx_word' id='word_1_162' title='bbox 853 2312 888 2375; x_wconf 90' lang='lat' dir='ltr'><strong>in</strong></span> <span class='ocrx_word' id='word_1_163' title='bbox 916 2312 1035 2395; x_wconf 87' lang='lat' dir='ltr'><strong>quibus</strong></span> <span class='ocrx_word' id='word_1_164' title='bbox 1061 2313 1219 2377; x_wconf 90' lang='lat' dir='ltr'><strong>nonnulla</strong></span> <span class='ocrx_word' id='word_1_165' title='bbox 1245 2335 1331 2398; x_wconf 85' lang='lat' dir='ltr'><strong>repe</strong></span> 
     </span>
     <span class='ocr_line' id='line_1_20' title="bbox 158 2416 1330 2504; baseline 0.004 -23"><span class='ocrx_word' id='word_1_166' title='bbox 158 2421 284 2503; x_wconf 85' lang='lat' dir='ltr'><strong>tantur,</strong></span> <span class='ocrx_word' id='word_1_167' title='bbox 308 2439 389 2501; x_wconf 91' lang='lat' dir='ltr'><strong>quae</strong></span> <span class='ocrx_word' id='word_1_168' title='bbox 411 2417 476 2481; x_wconf 91' lang='lat' dir='ltr'><strong>iam</strong></span> <span class='ocrx_word' id='word_1_169' title='bbox 499 2417 534 2480; x_wconf 92' lang='lat' dir='ltr'><strong>in</strong></span> <span class='ocrx_word' id='word_1_170' title='bbox 556 2416 797 2503; x_wconf 83' lang='lat' dir='ltr'><strong>Prolegomenis</strong></span> <span class='ocrx_word' id='word_1_171' title='bbox 819 2418 967 2504; x_wconf 84' lang='lat' dir='ltr'><strong>legimus,</strong></span> <span class='ocrx_word' id='word_1_172' title='bbox 990 2419 1024 2482; x_wconf 91' lang='lat' dir='ltr'><strong>id</strong></span> <span class='ocrx_word' id='word_1_173' title='bbox 1046 2418 1132 2503; x_wconf 92' lang='lat' dir='ltr'><strong>quod</strong></span> <span class='ocrx_word' id='word_1_174' title='bbox 1154 2419 1238 2485; x_wconf 91' lang='lat' dir='ltr'><strong>nihil</strong></span> <span class='ocrx_word' id='word_1_175' title='bbox 1257 2421 1330 2486; x_wconf 90' lang='lat' dir='ltr'><strong>miri</strong></span> 
     </span>
     <span class='ocr_line' id='line_1_21' title="bbox 155 2522 1331 2611; baseline 0.005 -24"><span class='ocrx_word' id='word_1_176' title='bbox 155 2523 256 2588; x_wconf 89' lang='lat' dir='ltr'><strong>habet</strong></span> <span class='ocrx_word' id='word_1_177' title='bbox 279 2525 314 2587; x_wconf 93' lang='lat' dir='ltr'><strong>in</strong></span> <span class='ocrx_word' id='word_1_178' title='bbox 336 2522 395 2588; x_wconf 90' lang='lat' dir='ltr'><strong>hac</strong></span> <span class='ocrx_word' id='word_1_179' title='bbox 420 2524 552 2609; x_wconf 84' lang='lat' dir='ltr'><strong>sylloge.</strong></span> <span class='ocrx_word' id='word_1_180' title='bbox 594 2522 643 2588; x_wconf 90' lang='lat' dir='ltr'><strong>De</strong></span> <span class='ocrx_word' id='word_1_181' title='bbox 665 2528 772 2608; x_wconf 90' lang='lat' dir='ltr'><strong>etymo</strong></span> <span class='ocrx_word' id='word_1_182' title='bbox 795 2525 937 2589; x_wconf 92' lang='lat' dir='ltr'><strong>nominis</strong></span> <span class='ocrx_word' id='word_1_183' title='bbox 961 2524 1094 2591; x_wconf 90' lang='lat' dir='ltr'><strong>Hesiodi</strong></span> <span class='ocrx_word' id='word_1_184' title='bbox 1117 2526 1215 2592; x_wconf 92' lang='lat' dir='ltr'><strong>habet</strong></span> <span class='ocrx_word' id='word_1_185' title='bbox 1238 2549 1331 2611; x_wconf 77' lang='lat' dir='ltr'><strong>quae</strong></span> 
     </span>
     <span class='ocr_line' id='line_1_22' title="bbox 158 2629 1330 2720; baseline 0.003 -26"><span class='ocrx_word' id='word_1_186' title='bbox 158 2630 231 2695; x_wconf 92' lang='lat' dir='ltr'><strong>dam</strong></span> <span class='ocrx_word' id='word_1_187' title='bbox 264 2631 326 2695; x_wconf 91' lang='lat' dir='ltr'><strong>alia</strong></span> <span class='ocrx_word' id='word_1_188' title='bbox 358 2631 467 2714; x_wconf 83' lang='lat' dir='ltr'><strong>thm.</strong></span> <span class='ocrx_word' id='word_1_189' title='bbox 499 2630 655 2715; x_wconf 81' lang='lat' dir='ltr'><strong>Magnum</strong></span> <span class='ocrx_word' id='word_1_190' title='bbox 681 2654 711 2714; x_wconf 89' lang='lat' dir='ltr'><strong>p.</strong></span> <span class='ocrx_word' id='word_1_191' title='bbox 733 2631 808 2716; x_wconf 80' lang='lat'><strong>438,</strong></span> <span class='ocrx_word' id='word_1_192' title='bbox 823 2630 865 2696; x_wconf 77' lang='lat'><strong>25</strong></span> <span class='ocrx_word' id='word_1_193' title='bbox 896 2629 934 2718; x_wconf 84' lang='lat' dir='ltr'><strong>(a</strong></span> <span class='ocrx_word' id='word_1_194' title='bbox 963 2655 991 2697; x_wconf 86' lang='lat' dir='ltr'><strong>v.</strong></span> <span class='ocrx_word' id='word_1_195' title='bbox 1014 2630 1197 2720; x_wconf 75' lang='grc' dir='ltr'><em>Ἡσίοδος),</em></span> <span class='ocrx_word' id='word_1_196' title='bbox 1227 2656 1330 2720; x_wconf 90' lang='lat' dir='ltr'><strong>neque</strong></span> 
     </span>
     <span class='ocr_line' id='line_1_23' title="bbox 161 2736 1331 2828; baseline 0.007 -28"><span class='ocrx_word' id='word_1_197' title='bbox 161 2736 276 2802; x_wconf 88' lang='lat' dir='ltr'><strong>dubito</strong></span> <span class='ocrx_word' id='word_1_198' title='bbox 309 2758 383 2824; x_wconf 81' lang='lat' dir='ltr'><strong>ego,</strong></span> <span class='ocrx_word' id='word_1_199' title='bbox 415 2738 494 2821; x_wconf 92' lang='lat' dir='ltr'><strong>quin</strong></span> <span class='ocrx_word' id='word_1_200' title='bbox 525 2737 582 2801; x_wconf 88' lang='lat' dir='ltr'><strong>illa</strong></span> <span class='ocrx_word' id='word_1_201' title='bbox 615 2759 741 2822; x_wconf 92' lang='lat' dir='ltr'><strong>quoque</strong></span> <span class='ocrx_word' id='word_1_202' title='bbox 772 2739 858 2802; x_wconf 88' lang='lat' dir='ltr'><strong>inter</strong></span> <span class='ocrx_word' id='word_1_203' title='bbox 889 2736 1056 2803; x_wconf 89' lang='lat' dir='ltr'><strong>Procliana</strong></span> <span class='ocrx_word' id='word_1_204' title='bbox 1086 2739 1220 2828; x_wconf 85' lang='lat' dir='ltr'><strong>fuerint,</strong></span> <span class='ocrx_word' id='word_1_205' title='bbox 1256 2743 1331 2827; x_wconf 87' lang='lat' dir='ltr'><strong>quia</strong></span> 
     </span>
     <span class='ocr_line' id='line_1_24' title="bbox 161 2842 1331 2932; baseline 0.005 -24"><span class='ocrx_word' id='word_1_206' title='bbox 161 2842 345 2909; x_wconf 83' lang='lat' dir='ltr'><strong>Stoicorum</strong></span> <span class='ocrx_word' id='word_1_207' title='bbox 368 2848 505 2928; x_wconf 89' lang='lat' dir='ltr'><strong>utroque</strong></span> <span class='ocrx_word' id='word_1_208' title='bbox 528 2843 599 2909; x_wconf 89' lang='lat' dir='ltr'><strong>loco</strong></span> <span class='ocrx_word' id='word_1_209' title='bbox 618 2844 816 2910; x_wconf 82' lang='lat' dir='ltr'><strong>&#39;exhibentur</strong></span> <span class='ocrx_word' id='word_1_210' title='bbox 839 2846 1024 2910; x_wconf 87' lang='lat' dir='ltr'><strong>sententiae.</strong></span> <span class='ocrx_word' id='word_1_211' title='bbox 1067 2847 1112 2911; x_wconf 84' lang='lat' dir='ltr'><strong>Et</strong></span> <span class='ocrx_word' id='word_1_212' title='bbox 1134 2869 1175 2912; x_wconf 92' lang='lat' dir='ltr'><strong>ne</strong></span> <span class='ocrx_word' id='word_1_213' title='bbox 1198 2849 1271 2932; x_wconf 91' lang='lat' dir='ltr'><strong>quis</strong></span> <span class='ocrx_word' id='word_1_214' title='bbox 1295 2871 1331 2914; x_wconf 89' lang='lat' dir='ltr'><strong>ea</strong></span> 
     </span>
     <span class='ocr_line' id='line_1_25' title="bbox 157 2950 1330 3038; baseline 0.007 -24"><span class='ocrx_word' id='word_1_215' title='bbox 157 2972 191 3014; x_wconf 91' lang='lat' dir='ltr'><strong>re</strong></span> <span class='ocrx_word' id='word_1_216' title='bbox 219 2951 258 3015; x_wconf 88' lang='lat' dir='ltr'><strong>ab</strong></span> <span class='ocrx_word' id='word_1_217' title='bbox 282 2950 343 3014; x_wconf 88' lang='lat' dir='ltr'><strong>hac</strong></span> <span class='ocrx_word' id='word_1_218' title='bbox 367 2952 526 3015; x_wconf 87' lang='lat' dir='ltr'><strong>sententia</strong></span> <span class='ocrx_word' id='word_1_219' title='bbox 546 2950 712 3034; x_wconf 87' lang='lat' dir='ltr'><strong>probanda</strong></span> <span class='ocrx_word' id='word_1_220' title='bbox 729 2952 915 3038; x_wconf 87' lang='lat' dir='ltr'><strong>retineatur,</strong></span> <span class='ocrx_word' id='word_1_221' title='bbox 939 2952 1024 3036; x_wconf 93' lang='lat' dir='ltr'><strong>quod</strong></span> <span class='ocrx_word' id='word_1_222' title='bbox 1042 2959 1226 3037; x_wconf 87' lang='lat' dir='ltr'><strong>comparato</strong></span> <span class='ocrx_word' id='word_1_223' title='bbox 1245 2961 1330 3023; x_wconf 90' lang='lat' dir='ltr'><strong>utro·</strong></span> 
     </span>
     <span class='ocr_line' id='line_1_26' title="bbox 160 3057 1330 3149; baseline 0.006 -28"><span class='ocrx_word' id='word_1_224' title='bbox 160 3079 222 3141; x_wconf 92' lang='lat' dir='ltr'><strong>que</strong></span> <span class='ocrx_word' id='word_1_225' title='bbox 245 3058 316 3122; x_wconf 91' lang='lat' dir='ltr'><strong>loco</strong></span> <span class='ocrx_word' id='word_1_226' title='bbox 338 3057 445 3121; x_wconf 86' lang='lat' dir='ltr'><strong>variae</strong></span> <span class='ocrx_word' id='word_1_227' title='bbox 465 3059 642 3124; x_wconf 87' lang='lat' dir='ltr'><strong>sententiae</strong></span> <span class='ocrx_word' id='word_1_228' title='bbox 660 3059 850 3123; x_wconf 90' lang='lat' dir='ltr'><strong>tribuuntur</strong></span> <span class='ocrx_word' id='word_1_229' title='bbox 868 3059 995 3145; x_wconf 85' lang='lat' dir='ltr'><strong>eisdem,</strong></span> <span class='ocrx_word' id='word_1_230' title='bbox 1018 3082 1140 3125; x_wconf 93' lang='lat' dir='ltr'><strong>memor</strong></span> <span class='ocrx_word' id='word_1_231' title='bbox 1160 3062 1212 3149; x_wconf 87' lang='lat' dir='ltr'><strong>sit,</strong></span> <span class='ocrx_word' id='word_1_232' title='bbox 1235 3085 1330 3149; x_wconf 89' lang='lat' dir='ltr'><strong>quam</strong></span> 
     </span>
     <span class='ocr_line' id='line_1_27' title="bbox 157 3163 1329 3256; baseline 0.009 -29"><span class='ocrx_word' id='word_1_233' title='bbox 157 3186 251 3247; x_wconf 86' lang='lat' dir='ltr'><strong>saepe</strong></span> <span class='ocrx_word' id='word_1_234' title='bbox 279 3165 314 3227; x_wconf 92' lang='lat' dir='ltr'><strong>in</strong></span> <span class='ocrx_word' id='word_1_235' title='bbox 343 3164 464 3229; x_wconf 87' lang='lat' dir='ltr'><strong>talibus</strong></span> <span class='ocrx_word' id='word_1_236' title='bbox 492 3165 589 3230; x_wconf 87' lang='lat' dir='ltr'><strong>rebus</strong></span> <span class='ocrx_word' id='word_1_237' title='bbox 612 3163 795 3230; x_wconf 80' lang='lat' dir='ltr'><strong>Stoicorum</strong></span> <span class='ocrx_word' id='word_1_238' title='bbox 822 3167 983 3251; x_wconf 89' lang='lat' dir='ltr'><strong>principes</strong></span> <span class='ocrx_word' id='word_1_239' title='bbox 1006 3169 1127 3254; x_wconf 86' lang='lat' dir='ltr'><strong>varias,</strong></span> <span class='ocrx_word' id='word_1_240' title='bbox 1148 3177 1329 3256; x_wconf 83' lang='lat' dir='ltr'><strong>pugnantes</strong></span> 
     </span>
     <span class='ocr_line' id='line_1_28' title="bbox 160 3270 1328 3361; baseline 0.009 -28"><span class='ocrx_word' id='word_1_241' title='bbox 160 3270 238 3334; x_wconf 89' lang='lat' dir='ltr'><strong>adeo</strong></span> <span class='ocrx_word' id='word_1_242' title='bbox 262 3271 347 3334; x_wconf 90' lang='lat' dir='ltr'><strong>inter</strong></span> <span class='ocrx_word' id='word_1_243' title='bbox 371 3293 404 3335; x_wconf 90' lang='lat' dir='ltr'><strong>se</strong></span> <span class='ocrx_word' id='word_1_244' title='bbox 423 3272 599 3335; x_wconf 87' lang='lat' dir='ltr'><strong>sententias</strong></span> <span class='ocrx_word' id='word_1_245' title='bbox 617 3273 820 3357; x_wconf 89' lang='lat' dir='ltr'><strong>protulerint.</strong></span> <span class='ocrx_word' id='word_1_246' title='bbox 858 3271 1011 3339; x_wconf 79' lang='lat' dir='ltr'><strong>Conferas</strong></span> <span class='ocrx_word' id='word_1_247' title='bbox 1031 3272 1206 3361; x_wconf 80' lang='lat' dir='ltr'><strong>Chrysippi</strong></span> <span class='ocrx_word' id='word_1_248' title='bbox 1224 3279 1328 3344; x_wconf 87' lang='lat' dir='ltr'><strong>varias</strong></span> 
     </span>
    </p>
   </div>
   <div class='ocr_carea' id='block_1_3' title="bbox 154 3377 1329 3790">
    <p class='ocr_par' dir='ltr' id='par_1_4' title="bbox 154 3377 1329 3790">
     <span class='ocr_line' id='line_1_29' title="bbox 157 3377 1329 3472; baseline 0.009 -32"><span class='ocrx_word' id='word_1_249' title='bbox 157 3377 342 3463; x_wconf 87' lang='lat' dir='ltr'><strong>sententias,</strong></span> <span class='ocrx_word' id='word_1_250' title='bbox 370 3399 451 3461; x_wconf 89' lang='lat' dir='ltr'><strong>quae</strong></span> <span class='ocrx_word' id='word_1_251' title='bbox 475 3382 603 3443; x_wconf 86' lang='lat' dir='ltr'><strong>exstant</strong></span> <span class='ocrx_word' id='word_1_252' title='bbox 626 3379 665 3443; x_wconf 92' lang='lat' dir='ltr'><strong>de</strong></span> <span class='ocrx_word' id='word_1_253' title='bbox 686 3380 816 3444; x_wconf 91' lang='lat' dir='ltr'><strong>nomine</strong></span> <span class='ocrx_word' id='word_1_254' title='bbox 839 3380 949 3446; x_wconf 85' lang='lat' dir='ltr'><strong>Rheae</strong></span> <span class='ocrx_word' id='word_1_255' title='bbox 971 3381 1007 3446; x_wconf 92' lang='lat' dir='ltr'><strong>in</strong></span> <span class='ocrx_word' id='word_1_256' title='bbox 1030 3381 1161 3447; x_wconf 90' lang='lat' dir='ltr'><strong>scholiis</strong></span> <span class='ocrx_word' id='word_1_257' title='bbox 1185 3383 1329 3472; x_wconf 79' lang='lat' dir='ltr'><strong>Theogo-</strong></span> 
     </span>
     <span class='ocr_line' id='line_1_30' title="bbox 154 3482 1328 3576; baseline 0.009 -29"><span class='ocrx_word' id='word_1_258' title='bbox 154 3483 228 3547; x_wconf 87' lang='lat' dir='ltr'><strong>niae</strong></span> <span class='ocrx_word' id='word_1_259' title='bbox 253 3483 293 3548; x_wconf 91' lang='lat' dir='ltr'><strong>ad</strong></span> <span class='ocrx_word' id='word_1_260' title='bbox 314 3506 342 3548; x_wconf 83' lang='lat' dir='ltr'><strong>v.</strong></span> <span class='ocrx_word' id='word_1_261' title='bbox 365 3482 428 3547; x_wconf 81' lang='lat'><strong>135</strong></span> <span class='ocrx_word' id='word_1_262' title='bbox 455 3507 485 3568; x_wconf 90' lang='lat' dir='ltr'><strong>p.</strong></span> <span class='ocrx_word' id='word_1_263' title='bbox 505 3484 569 3550; x_wconf 78' lang='lat'><strong>459</strong></span> <span class='ocrx_word' id='word_1_264' title='bbox 596 3489 629 3550; x_wconf 91' lang='lat' dir='ltr'><strong>et</strong></span> <span class='ocrx_word' id='word_1_265' title='bbox 655 3485 691 3550; x_wconf 92' lang='lat' dir='ltr'><strong>in</strong></span> <span class='ocrx_word' id='word_1_266' title='bbox 717 3487 826 3571; x_wconf 84' lang='lat' dir='ltr'><strong>Etym.</strong></span> <span class='ocrx_word' id='word_1_267' title='bbox 849 3487 969 3573; x_wconf 85' lang='lat' dir='ltr'><strong>Magno</strong></span> <span class='ocrx_word' id='word_1_268' title='bbox 992 3511 1022 3572; x_wconf 88' lang='lat' dir='ltr'><strong>p.</strong></span> <span class='ocrx_word' id='word_1_269' title='bbox 1044 3488 1118 3576; x_wconf 80' lang='lat'><strong>701,</strong></span> <span class='ocrx_word' id='word_1_270' title='bbox 1136 3489 1187 3554; x_wconf 82' lang='lat'><strong>24.</strong></span> <span class='ocrx_word' id='word_1_271' title='bbox 1233 3490 1328 3559; x_wconf 88' lang='lat' dir='ltr'><strong>Pecu·</strong></span> 
     </span>
     <span class='ocr_line' id='line_1_31' title="bbox 154 3589 1329 3687; baseline 0.009 -34"><span class='ocrx_word' id='word_1_272' title='bbox 154 3589 228 3653; x_wconf 90' lang='lat' dir='ltr'><strong>liari</strong></span> <span class='ocrx_word' id='word_1_273' title='bbox 256 3591 359 3674; x_wconf 91' lang='lat' dir='ltr'><strong>capite</strong></span> <span class='ocrx_word' id='word_1_274' title='bbox 388 3590 426 3654; x_wconf 92' lang='lat' dir='ltr'><strong>de</strong></span> <span class='ocrx_word' id='word_1_275' title='bbox 448 3591 509 3655; x_wconf 90' lang='lat' dir='ltr'><strong>hac</strong></span> <span class='ocrx_word' id='word_1_276' title='bbox 531 3613 566 3656; x_wconf 90' lang='lat' dir='ltr'><strong>re</strong></span> <span class='ocrx_word' id='word_1_277' title='bbox 589 3592 655 3677; x_wconf 84' lang='lat' dir='ltr'><strong>egit</strong></span> <span class='ocrx_word' id='word_1_278' title='bbox 678 3592 869 3682; x_wconf 56' lang='lat' dir='ltr'><strong>Flaehiusf)</strong></span> <span class='ocrx_word' id='word_1_279' title='bbox 916 3595 1071 3661; x_wconf 85' lang='lat' dir='ltr'><strong>Eiusdem</strong></span> <span class='ocrx_word' id='word_1_280' title='bbox 1093 3597 1221 3682; x_wconf 79' lang='lat' dir='ltr'><strong>generis</strong></span> <span class='ocrx_word' id='word_1_281' title='bbox 1243 3603 1329 3687; x_wconf 90' lang='lat' dir='ltr'><strong>sunt,</strong></span> 
     </span>
     <span class='ocr_line' id='line_1_32' title="bbox 155 3697 1326 3790; baseline 0.01 -31"><span class='ocrx_word' id='word_1_282' title='bbox 155 3719 236 3780; x_wconf 89' lang='lat' dir='ltr'><strong>quae</strong></span> <span class='ocrx_word' id='word_1_283' title='bbox 263 3697 302 3761; x_wconf 93' lang='lat' dir='ltr'><strong>de</strong></span> <span class='ocrx_word' id='word_1_284' title='bbox 329 3697 442 3762; x_wconf 86' lang='lat' dir='ltr'><strong>Musae</strong></span> <span class='ocrx_word' id='word_1_285' title='bbox 469 3698 599 3763; x_wconf 92' lang='lat' dir='ltr'><strong>nomine</strong></span> <span class='ocrx_word' id='word_1_286' title='bbox 627 3699 811 3789; x_wconf 89' lang='lat' dir='ltr'><strong>traduntur,</strong></span> <span class='ocrx_word' id='word_1_287' title='bbox 841 3701 938 3785; x_wconf 90' lang='lat' dir='ltr'><strong>paulo</strong></span> <span class='ocrx_word' id='word_1_288' title='bbox 966 3702 1129 3787; x_wconf 89' lang='lat' dir='ltr'><strong>copiosius</strong></span> <span class='ocrx_word' id='word_1_289' title='bbox 1157 3703 1192 3768; x_wconf 90' lang='lat' dir='ltr'><strong>in</strong></span> <span class='ocrx_word' id='word_1_290' title='bbox 1219 3706 1326 3790; x_wconf 82' lang='lat' dir='ltr'><strong>thm.</strong></span> 
     </span>
    </p>
   </div>
   <div class='ocr_carea' id='block_1_4' title="bbox 152 3925 1324 4269">
    <p class='ocr_par' dir='ltr' id='par_1_5' title="bbox 155 3925 1324 4086">
     <span class='ocr_line' id='line_1_33' title="bbox 243 3925 1324 4003; baseline 0.01 -25"><span class='ocrx_word' id='word_1_291' title='bbox 243 3928 269 3995; x_wconf 88' lang='lat'><strong>1)</strong></span> <span class='ocrx_word' id='word_1_292' title='bbox 293 3925 332 3981; x_wconf 84' lang='lat' dir='ltr'><strong>Of.</strong></span> <span class='ocrx_word' id='word_1_293' title='bbox 360 3925 531 3981; x_wconf 83' lang='lat' dir='ltr'><strong>Friedelium</strong></span> <span class='ocrx_word' id='word_1_294' title='bbox 560 3927 590 3981; x_wconf 92' lang='lat' dir='ltr'><strong>in</strong></span> <span class='ocrx_word' id='word_1_295' title='bbox 617 3927 769 3983; x_wconf 79' lang='lat' dir='ltr'><strong>Jahrbuoh.</strong></span> <span class='ocrx_word' id='word_1_296' title='bbox 797 3930 843 3982; x_wconf 84' lang='lat' dir='ltr'><strong>fiir</strong></span> <span class='ocrx_word' id='word_1_297' title='bbox 869 3929 941 3984; x_wconf 90' lang='lat' dir='ltr'><strong>Phil.</strong></span> <span class='ocrx_word' id='word_1_298' title='bbox 971 3930 1067 3999; x_wconf 81' lang='lat' dir='ltr'><strong>Suppl.</strong></span> <span class='ocrx_word' id='word_1_299' title='bbox 1095 3931 1121 3984; x_wconf 89' lang='lat' dir='ltr'>X</span> <span class='ocrx_word' id='word_1_300' title='bbox 1147 3949 1175 4000; x_wconf 90' lang='lat' dir='ltr'><strong>p.</strong></span> <span class='ocrx_word' id='word_1_301' title='bbox 1199 3939 1251 3988; x_wconf 79' lang='lat'><strong>261</strong></span> <span class='ocrx_word' id='word_1_302' title='bbox 1267 3952 1324 4003; x_wconf 85' lang='lat' dir='ltr'><strong>sqq.</strong></span> 
     </span>
     <span class='ocr_line' id='line_1_34' title="bbox 155 4014 730 4086; baseline 0.005 -17"><span class='ocrx_word' id='word_1_303' title='bbox 155 4014 363 4069; x_wconf 84' lang='lat' dir='ltr'><strong>Schoemannus</strong></span> <span class='ocrx_word' id='word_1_304' title='bbox 383 4032 476 4084; x_wconf 88' lang='lat' dir='ltr'><strong>opusc.</strong></span> <span class='ocrx_word' id='word_1_305' title='bbox 496 4017 522 4070; x_wconf 95' lang='grc' dir='ltr'>Π</span> <span class='ocrx_word' id='word_1_306' title='bbox 539 4034 566 4086; x_wconf 88' lang='lat' dir='ltr'><strong>p.</strong></span> <span class='ocrx_word' id='word_1_307' title='bbox 581 4023 615 4071; x_wconf 88' lang='grc'><strong>69</strong></span> <span class='ocrx_word' id='word_1_308' title='bbox 635 4018 730 4072; x_wconf 89' lang='lat' dir='ltr'><strong>adnot.</strong></span> 
     </span>
    </p>

    <p class='ocr_par' dir='ltr' id='par_1_6' title="bbox 152 4104 1324 4269">
     <span class='ocr_line' id='line_1_35' title="bbox 243 4104 1324 4182; baseline 0.008 -26"><span class='ocrx_word' id='word_1_309' title='bbox 243 4106 269 4174; x_wconf 80' lang='lat'><strong>2)</strong></span> <span class='ocrx_word' id='word_1_310' title='bbox 288 4104 321 4156; x_wconf 87' lang='lat' dir='ltr'><strong>In</strong></span> <span class='ocrx_word' id='word_1_311' title='bbox 342 4104 519 4173; x_wconf 86' lang='lat' dir='ltr'><strong>praefatione</strong></span> <span class='ocrx_word' id='word_1_312' title='bbox 544 4105 610 4160; x_wconf 89' lang='lat' dir='ltr'><strong>edit.</strong></span> <span class='ocrx_word' id='word_1_313' title='bbox 630 4104 733 4160; x_wconf 89' lang='lat' dir='ltr'><strong>tertiae</strong></span> <span class='ocrx_word' id='word_1_314' title='bbox 756 4124 783 4175; x_wconf 90' lang='lat' dir='ltr'><strong>p.</strong></span> <span class='ocrx_word' id='word_1_315' title='bbox 798 4112 883 4175; x_wconf 81' lang='lat' dir='ltr'><strong>58sq.</strong></span> <span class='ocrx_word' id='word_1_316' title='bbox 921 4106 960 4162; x_wconf 82' lang='lat' dir='ltr'><strong>Of.</strong></span> <span class='ocrx_word' id='word_1_317' title='bbox 981 4107 1068 4163; x_wconf 90' lang='lat' dir='ltr'><strong>etiam</strong></span> <span class='ocrx_word' id='word_1_318' title='bbox 1091 4108 1235 4165; x_wconf 87' lang='lat' dir='ltr'><strong>Heitzium</strong></span> <span class='ocrx_word' id='word_1_319' title='bbox 1257 4111 1324 4182; x_wconf 88' lang='lat' dir='ltr'><strong>„Die</strong></span> 
     </span>
     <span class='ocr_line' id='line_1_36' title="bbox 152 4192 1323 4269; baseline 0.008 -23"><span class='ocrx_word' id='word_1_320' title='bbox 152 4192 316 4247; x_wconf 88' lang='lat' dir='ltr'><strong>veriorenen</strong></span> <span class='ocrx_word' id='word_1_321' title='bbox 339 4193 480 4248; x_wconf 82' lang='lat' dir='ltr'><strong>Schriften</strong></span> <span class='ocrx_word' id='word_1_322' title='bbox 499 4195 547 4249; x_wconf 88' lang='lat' dir='ltr'><strong>des</strong></span> <span class='ocrx_word' id='word_1_323' title='bbox 562 4194 698 4251; x_wconf 84' lang='lat' dir='ltr'><strong>Aristot.“</strong></span> <span class='ocrx_word' id='word_1_324' title='bbox 716 4213 743 4264; x_wconf 90' lang='lat' dir='ltr'><strong>p.</strong></span> <span class='ocrx_word' id='word_1_325' title='bbox 759 4201 810 4250; x_wconf 81' lang='lat'><strong>205</strong></span> <span class='ocrx_word' id='word_1_326' title='bbox 821 4212 861 4263; x_wconf 86' lang='lat' dir='ltr'><strong>sq.</strong></span> <span class='ocrx_word' id='word_1_327' title='bbox 893 4196 1048 4266; x_wconf 87' lang='lat' dir='ltr'><strong>Bergkium</strong></span> <span class='ocrx_word' id='word_1_328' title='bbox 1065 4198 1143 4255; x_wconf 91' lang='lat' dir='ltr'><strong>Poet.</strong></span> <span class='ocrx_word' id='word_1_329' title='bbox 1158 4199 1211 4269; x_wconf 85' lang='lat' dir='ltr'><strong>lyr.</strong></span> <span class='ocrx_word' id='word_1_330' title='bbox 1227 4201 1272 4257; x_wconf 80' lang='lat' dir='ltr'><strong>Gr.</strong></span> <span class='ocrx_word' id='word_1_331' title='bbox 1286 4199 1323 4255; x_wconf 68' lang='grc' dir='ltr'><strong>Π4</strong></span> 
     </span>
    </p>
   </div>
   <div class='ocr_carea' id='block_1_5' title="bbox 151 4286 1036 4445">
    <p class='ocr_par' dir='ltr' id='par_1_7' title="bbox 151 4286 1036 4445">
     <span class='ocr_line' id='line_1_37' title="bbox 173 4286 320 4337; baseline 0 0"><span class='ocrx_word' id='word_1_332' title='bbox 173 4325 178 4337; x_wconf 94' lang='grc'><strong><em>.</em></strong></span> <span class='ocrx_word' id='word_1_333' title='bbox 199 4286 273 4335; x_wconf 69' lang='grc'><strong>3383</strong></span> <span class='ocrx_word' id='word_1_334' title='bbox 315 4325 320 4337; x_wconf 94' lang='grc'><strong><em>.</em></strong></span> 
     </span>
     <span class='ocr_line' id='line_1_38' title="bbox 151 4300 1036 4445; baseline 0.008 -22"><span class='ocrx_word' id='word_1_335' title='bbox 151 4300 170 4351; x_wconf 74' lang='lat' dir='ltr'>p</span> <span class='ocrx_word' id='word_1_336' title='bbox 241 4373 268 4440; x_wconf 88' lang='lat'><strong>3)</strong></span> <span class='ocrx_word' id='word_1_337' title='bbox 275 4300 464 4426; x_wconf 71' lang='lat' dir='ltr'><strong>qiiietzschius</strong></span> <span class='ocrx_word' id='word_1_338' title='bbox 483 4370 513 4425; x_wconf 89' lang='lat' dir='ltr'><strong>in</strong></span> <span class='ocrx_word' id='word_1_339' title='bbox 532 4372 647 4441; x_wconf 78' lang='lat' dir='ltr'><strong>„Ithein</strong></span> <span class='ocrx_word' id='word_1_340' title='bbox 667 4374 757 4428; x_wconf 84' lang='lat' dir='ltr'><strong>Mus.“</strong></span> <span class='ocrx_word' id='word_1_341' title='bbox 776 4374 853 4429; x_wconf 89' lang='lat' dir='ltr'><strong>XXV</strong></span> <span class='ocrx_word' id='word_1_342' title='bbox 870 4393 898 4445; x_wconf 89' lang='lat' dir='ltr'><strong>p.</strong></span> <span class='ocrx_word' id='word_1_343' title='bbox 913 4381 965 4430; x_wconf 78' lang='lat'><strong>532</strong></span> <span class='ocrx_word' id='word_1_344' title='bbox 977 4393 1036 4444; x_wconf 84' lang='lat' dir='ltr'><strong>sqq.</strong></span> 
     </span>
    </p>
   </div>
   <div class='ocr_carea' id='block_1_6' title="bbox 239 4459 1015 4535">
    <p class='ocr_par' dir='ltr' id='par_1_8' title="bbox 239 4459 1015 4535">
     <span class='ocr_line' id='line_1_39' title="bbox 239 4459 1015 4535; baseline 0.012 -22"><span class='ocrx_word' id='word_1_345' title='bbox 239 4461 267 4532; x_wconf 87' lang='grc'><strong>4)</strong></span> <span class='ocrx_word' id='word_1_346' title='bbox 286 4459 394 4531; x_wconf 78' lang='lat' dir='ltr'><strong>„Glosa</strong></span> <span class='ocrx_word' id='word_1_347' title='bbox 413 4461 472 4515; x_wconf 90' lang='lat' dir='ltr'><strong>und</strong></span> <span class='ocrx_word' id='word_1_348' title='bbox 491 4460 581 4518; x_wconf 81' lang='lat' dir='ltr'><strong>Schol.</strong></span> <span class='ocrx_word' id='word_1_349' title='bbox 601 4480 650 4516; x_wconf 87' lang='lat' dir='ltr'><strong>zur</strong></span> <span class='ocrx_word' id='word_1_350' title='bbox 668 4463 774 4518; x_wconf 86' lang='lat' dir='ltr'><strong>hesiod.</strong></span> <span class='ocrx_word' id='word_1_351' title='bbox 794 4463 918 4535; x_wconf 82' lang='lat' dir='ltr'><strong>Theog.“</strong></span> <span class='ocrx_word' id='word_1_352' title='bbox 939 4470 1015 4524; x_wconf 80' lang='lat'><strong>1876.</strong></span> 
     </span>
    </p>
   </div>
   <div class='ocr_carea' id='block_1_7' title="bbox 0 0 1490 4980">
    <p class='ocr_par' dir='ltr' id='par_1_9' title="bbox 0 0 1490 4980">
     <span class='ocr_line' id='line_1_40' title="bbox 0 0 1490 4980; baseline 0 2"><span class='ocrx_word' id='word_1_353' title='bbox 0 0 1490 4980; x_wconf 95' lang='lat' dir='ltr'><strong> </strong></span> 
     </span>
    </p>
   </div>
  </div>
 </body>
</html>
