2970 4980
440 306 481 362 De
500 307 593 362 Procli
611 306 721 362 ratione
740 306 954 378 interpretandi.
1240 307 1283 372 25

110 476 188 557 post
211 471 340 536 brevius
364 470 424 535 sub
449 471 557 548 ἄλλως
579 474 774 556 repetantur,
798 471 870 554 quis
894 471 1066 558 dubitabit,
1088 471 1283 556 quinetiam

111 579 221 664 priora
239 577 360 643 fuerint
382 577 524 642 eiusdem
548 578 636 642 illius
656 577 867 663 grammatici,
891 578 947 662 qui
966 578 1047 643 latet
1065 579 1125 645 sub
1145 579 1285 645 formula

112 688 228 771 ἄλλως,
250 685 358 750 Procli
380 685 517 750 neutra?
554 684 637 761 Quid
660 689 767 749 autem
791 684 959 749 dicendum
982 687 1043 750 erit
1066 686 1104 751 de
1123 687 1179 772 eis,
1202 708 1283 771 quae

112 815 151 858 ex
188 796 333 858 veterum
370 792 446 857 crisi
477 792 637 857 Hesiodea
673 796 846 875 supersunt
884 791 920 856 in
952 792 1105 857 scholiis?
1150 792 1213 857 Hic
1243 815 1284 857 ne

112 900 254 987 dubites,
281 904 399 964 testem
426 921 537 964 rursus
566 898 728 963 advocabo
755 899 863 982 ipsum
884 898 1042 964 Proclum.
1087 897 1207 965 Hausit
1229 900 1284 964 ille

111 1029 151 1072 ex
178 1007 269 1071 fonte
296 1028 354 1072 suo
382 1004 501 1093 (quode
529 1002 627 1092 infra)
651 1004 685 1070 in
714 1005 952 1092 prolegomenis
981 1006 1079 1071 etiam
1107 1029 1189 1091 quae
1215 1029 1284 1091 per-

111 1114 218 1179 tinent
245 1113 286 1178 ad
311 1113 469 1198 prooemii
497 1112 669 1177 athetesim
694 1112 952 1196 Praxiphaneam
980 1116 1012 1177 et
1034 1111 1284 1179 Aristarcheam.

112 1221 185 1306 lpse
205 1225 313 1285 tamen
331 1242 405 1285 cum
423 1223 610 1305 agnosceret
624 1219 834 1304 prooemium,
851 1219 932 1304 vide,
950 1241 1047 1302 quam
1060 1218 1285 1285 Aristarcheae

112 1328 249 1393 rationis
281 1348 411 1393 securus
444 1327 487 1392 sit
517 1326 707 1391 hariolatus.
753 1324 871 1391 Totum
903 1330 994 1391 tenes
1016 1327 1180 1413 Proetum,
1212 1349 1285 1392 cum

111 1434 355 1518 Praxiphaneae
382 1433 559 1499 sententiae
585 1433 665 1498 haec
691 1433 840 1518 iniungat
867 1431 912 1520 (p.
936 1431 985 1521 4):
1013 1432 1067 1498 καλ
1095 1435 1157 1519 γὰρ
1186 1444 1284 1500 τοῦτο

112 1541 241 1627 πρέπον
269 1536 328 1625 ἦν,
360 1541 405 1617 ῶς
433 1543 533 1624 ἔοικε,
566 1538 664 1627 ἀνδρὶ
687 1542 830 1625 γράφειν
857 1542 938 1605 ἄνευ
966 1549 1089 1624 σκηνῆς
1115 1550 1286 1626 ποιητικῆς

113 1648 318 1734 ἐγχειροῦντι
355 1645 410 1713 καὶ
447 1649 511 1732 πρὸ
548 1654 666 1734 θυρῶν
698 1649 800 1729 ὄγκον
833 1645 1089 1735 ἐπιδεικνυμένῳ
1122 1650 1285 1733 περιττόν.

113 1754 267 1838 ἐπάγεται
295 1753 335 1820 δέ
358 1778 452 1832 τινας
479 1757 517 1820 τὸ
545 1754 589 1838 μὴ
617 1754 681 1820 ἀπὸ
704 1764 764 1819 τοῦ
784 1751 961 1830 Ἑλικῶνος
983 1760 1112 1837 καλεῖν,
1135 1755 1286 1820 Βοιωτὸν

113 1863 204 1945 ὄντα,
225 1863 285 1938 τὰς
302 1862 456 1944 Μούσας,
480 1862 588 1947 ὥσπερ
612 1861 649 1927 ἐν
671 1869 710 1946 τῇ
732 1864 895 1948 Θεογονίᾳ
908 1864 1103 1945 πεποίηκεν,
1126 1858 1196 1926 ἀλλ’
1221 1859 1285 1926 ἀπὸ
1333 1852 1341 1879 '

112 1976 172 2052 τῆς
190 1971 340 2054 Πιερίας,
364 1967 419 2045 εἰς’
433 1969 471 2033 τὸ
495 1968 539 2051 μὴ
562 1972 760 2053 προσίεσθαι
783 1968 820 2032 τὸ
843 1972 1030 2053 προοίμιον.
1066 1967 1161 2053 τάχα
1184 1962 1214 2031 d’
1239 1966 1286 2032 dcv

113 2080 173 2158 είη
196 2072 400 2140 καὶτοῦτο
423 2075 696 2158 παιδευτικόν,
729 2077 785 2151 είς
807 2076 849 2140 τὸ
873 2074 921 2159 μὴ
944 2074 1136 2140 πάντατὰ
1159 2076 1285 2139 οἰκεῖα

113 2183 340 2267 σεμνύνειν,
360 2181 443 2247 ἀλλὰ
461 2178 516 2246 καὶ
534 2182 575 2246 τὰ
593 2179 668 2266 παρ’
689 2183 802 2258 ἄλλοις
816 2183 897 2247 ὄντα
911 2184 1067 2265 μειζόνως
1081 2180 1192 2263 ἀγαθὰ
1206 2202 1286 2265 προ-

112 2291 268 2375 τιμότερα
295 2299 363 2353 τῶν
389 2290 521 2353 οἰκείων
548 2290 707 2353 τίθεσθαι
729 2293 797 2353 κτλ.
844 2285 995 2353 Oeterum
1018 2287 1100 2352 solet
1125 2288 1160 2352 in
1182 2309 1286 2373 gram-

112 2394 231 2460 matica
263 2395 409 2460 doctrina
440 2394 631 2479 proferenda
661 2395 859 2479 acquiescere
886 2395 921 2458 in
948 2394 1049 2478 copiis
1075 2393 1285 2459 Plutareheis.

112 2501 207 2568 Unde
220 2502 268 2588 fit,
282 2506 319 2566 ut
334 2523 428 2586 saepe
442 2501 522 2566 satis
535 2501 655 2566 habeat
673 2523 835 2586 opponere
851 2501 917 2566 illis
931 2500 1149 2566 Plutarchum.
1182 2500 1285 2586 Leges

114 2631 197 2694 quae
215 2612 292 2674 sunt
311 2608 351 2673 ad
368 2632 397 2672 v.
412 2608 478 2675 370
493 2607 537 2695 (p.
552 2606 646 2696 230):
669 2609 809 2685 τούτους
827 2604 865 2672 δέ
883 2611 961 2685 τοὺς
979 2611 1112 2691 στίχους
1131 2606 1286 2692 ἐξέβαλον

114 2713 247 2803 (τινες),
275 2715 292 2781 ὁ
321 2711 359 2779 δέ
383 2716 600 2801 Πλούταρχος
629 2714 781 2800 ἐγκρίνει.
826 2717 899 2781 δεῖν
926 2716 989 2801 γὰρ
1017 2712 1072 2780 καὶ
1099 2715 1159 2780 τὸν
1184 2717 1286 2798 φίλον
1330 2710 1333 2718 ’

115 2822 281 2907 συνεργὸν
307 2822 581 2907 παραλαμβάνειν
610 2820 662 2887 ἐπὶ
690 2819 862 2910 ὡρισμένῳ
888 2827 1008 2909 μισθῷ.
1053 2819 1104 2885 Ne
1125 2819 1286 2884 intellexit

115 2929 244 3014 quidem
261 2928 323 2993 hoc
340 2929 411 2994 loco
430 2928 575 3015 Proelus,
595 2950 652 2993 cur
669 2929 705 2993 in
722 2928 937 3013 suspicionem
956 2948 1068 2993 versus
1086 2930 1285 2992 vocarentur.

114 3033 199 3101 Sane
221 3035 415 3120 quibusdam
437 3057 626 3119 persuasum
649 3039 718 3100 erat
741 3057 795 3100 eos
818 3039 855 3099 ut
875 3035 1046 3119 proverbia
1068 3037 1125 3098 aut
1148 3035 1286 3099 aliorum

115 3145 172 3207 aut
193 3142 316 3207 nullius
340 3142 471 3208 omnino
495 3143 637 3207 auctoris
660 3164 740 3229 esse,
762 3143 790 3207 si
813 3142 942 3226 quidem
964 3141 1030 3206 tale
1052 3141 1131 3224 quid
1149 3140 1287 3206 efficitur

115 3271 154 3314 ex
186 3249 253 3314 illis
279 3248 468 3314 Aristotelis
499 3247 654 3337 verbisl),
687 3271 769 3334 quae
800 3250 962 3333 pertinent
995 3249 1034 3313 ad
1060 3271 1189 3314 versum
1213 3247 1286 3314 370.

114 3355 189 3422 Iure
216 3358 360 3441 profecto
387 3356 468 3422 mihi
495 3356 605 3421 videor
633 3380 651 3420 a
679 3356 793 3421 Proolo
822 3356 1018 3442 abiudicare,
1045 3356 1073 3420 si
1103 3378 1184 3441 quae
1211 3358 1288 3420 sunt

115 3467 183 3528 tam
210 3464 390 3547 exquisitae
417 3463 595 3548 doctrinae,
623 3485 720 3546 quam
747 3466 836 3550 sunt,
865 3485 945 3547 quae
973 3467 1102 3529 exstant
1130 3463 1170 3528 ad
1192 3486 1220 3526 v.
1244 3462 1285 3528 97

116 3566 161 3656 (p.
192 3567 283 3657 103):
316 3581 413 3636 τοῦτο
446 3566 484 3635 δέ
514 3568 571 3635 καὶ
599 3570 761 3654 Κῶμανὸς
793 3569 811 3635 ὁ
844 3569 1072 3655 ἀρχιοινοχόος
1102 3579 1163 3650 τοῦ
1195 3573 1288 3654 βασι-

116 3674 197 3753 λέως
224 3678 442 3762 προῦτεινε.
489 3675 611 3760 φησὶν
634 3663 699 3743 οὖν
720 3673 946 3762 Ἀρίσταρχος,
975 3677 1025 3742 ὅτι
1049 3677 1068 3760 ἡ
1092 3673 1154 3761 μὲν
1175 3686 1287 3741 κακῶν

117 3785 226 3867 ἔμεινε
248 3789 327 3866 κτλ,
349 3783 400 3847 vel
423 3783 463 3847 ad
484 3805 513 3848 v.
533 3782 597 3848 529
622 3780 667 3869 (p
686 3780 781 3869 318),
807 3783 864 3851 ubi
888 3780 1027 3848 Cratetis
1055 3783 1112 3848 illa
1133 3782 1230 3847 lectio
1255 3786 1288 3847 et

117 3889 249 3954 affertur
271 3893 303 3954 et
326 3890 511 3974 explicatur.
548 3889 621 3954 Mea
644 3890 773 3974 quidem
795 3890 955 3955 sententia
973 3890 1014 3955 ab
1032 3889 1163 3975 iugenio
1181 3889 1288 3954 Procli

117 3996 239 4061 alienus
263 4001 312 4061 est
333 3998 385 4062 vel
404 3998 483 4062 artis
501 3997 733 4063 vocabulorum
750 4019 839 4082 usus,
861 4019 942 4081 quae
960 3997 1166 4081 frequentant
1184 4019 1288 4082 gram-

116 4103 235 4188 matici,
259 4125 460 4189 quorumque
481 4104 581 4169 habes
604 4105 749 4188 exempla
770 4104 806 4170 in
827 4103 1020 4190 Proclianis,
1045 4106 1225 4187 quaesunt
1249 4102 1289 4166 ad

116 4233 146 4274 v.
174 4210 238 4275 277
271 4209 316 4295 (p.
344 4209 422 4298 191)
455 4215 554 4275 et-
580 4210 675 4294 plura
707 4214 815 4276 autem
846 4211 906 4276 hac
937 4210 976 4275 de
1008 4232 1042 4275 re
1073 4210 1158 4275 infra
1182 4209 1288 4274 -ad

117 4353 329 4364 --.--

208 4442 234 4510 1)
252 4438 344 4494 Ethic.
363 4438 471 4496 Nicom.
490 4440 529 4494 IX
546 4458 573 4510 p.
591 4445 674 4496 1164a
689 4446 736 4510 273
754 4438 845 4495 Ethic.
864 4439 1014 4495 nuuvnl
1031 4457 1058 4513 p.
1074 4434 1216 4499 12421234..
