2970 4980
320 330 361 385 De
381 329 502 401 Operum
521 331 647 386 versibus
667 332 702 385 ab
723 331 847 400 antiquis
865 331 998 388 laudatis.
1183 333 1246 397 169

165 493 313 580 Origines
337 493 370 581 (l.
390 492 435 581 1.),
457 492 600 559 Achilles
619 495 732 559 Tatius
757 492 861 583 (ll),
884 495 1041 560 Stobaeus
1066 493 1153 583 (1.1.)
1177 518 1249 561 con-

74 601 223 666 sentiunt
246 601 284 666 de
303 624 330 666 v.
351 599 393 666 58
414 623 486 665 cum
504 601 597 665 libris
616 601 785 666 Hesiodeis
804 603 924 686 pariter
943 607 1039 687 atque
1058 602 1249 688 Apollonius

72 732 106 793 p.
127 709 198 773 112.
218 709 262 773 24
286 707 378 772 Schn.
403 706 450 796 (p.
472 707 535 773 125
545 708 604 796 Β),
639 709 694 792 qui
726 710 889 793 vituperat
912 709 1091 776 Hesiodum
1119 715 1250 795 propter

72 839 170 880 usum
202 816 402 899 pronominis
436 813 501 900 ἑόν,
534 815 571 878 de
604 838 667 900 qua
699 838 734 880 re
765 816 837 881 vide
870 817 967 881 etiam
990 814 1250 883 Choerobosoum

72 947 106 1006 p.
127 923 178 988 82.
199 923 250 1008 17,
278 923 332 986 sed
359 945 434 987 mox
463 923 533 1006 ipse
557 944 630 987 eum
654 927 784 988 excusat
809 923 888 988 satis
911 929 1033 1011 argute,
1057 948 1121 1009 qua
1144 929 1251 990 tamen

74 1030 283 1095 excusatione
312 1052 393 1114 opus
415 1051 482 1094 non
506 1030 605 1094 fuisse
629 1030 861 1094 demonstravit
881 1032 1001 1115 optime
1024 1031 1251 1118 Brugmannus

72 1136 245 1223 „Problem
273 1137 328 1202 der
354 1136 439 1202 hom.
464 1137 613 1202 Textkr.“
635 1159 662 1221 p.
684 1137 727 1201 28
739 1160 784 1221 sq.
838 1137 888 1202 Ad
917 1138 1145 1204 illustrandum
1172 1140 1252 1204 illud

75 1243 260 1309 Susarionis
284 1246 387 1309 κακὸν
410 1256 565 1328 γυναῖκες
587 1242 650 1309 κτὲ.
671 1244 845 1309 scholiasta
868 1243 1125 1330 Aristophaneus
1152 1247 1252 1311 hemi·

78 1350 233 1416 stichium
255 1352 417 1435 posterius
441 1352 480 1416 ad
499 1351 633 1435 Lysistr.
656 1351 739 1415 1037
760 1351 856 1416 Dind.
874 1352 1027 1439 laudavit,
1045 1353 1193 1438 idemque
1211 1353 1251 1418 ad

76 1458 258 1524 orationem
300 1459 515 1523 exornandam
552 1457 801 1543 Olympiodorus
839 1459 879 1523 ad
913 1458 1060 1525 Platonis
1098 1459 1251 1547 Gorgiam

72 1589 107 1650 p.
130 1566 191 1630 108
219 1566 273 1631 fin.
298 1565 359 1652 (ed.
392 1565 529 1631 Jahnius
562 1565 684 1631 Archiv
716 1565 818 1652 XIV).
852 1603 893 1613 -
923 1567 1053 1631 Praeter
1086 1567 1252 1653 Originem

73 1671 113 1760 (l.
137 1670 172 1759 l.)
203 1695 297 1738 nemo
329 1673 440 1738 laudat
472 1696 599 1738 versum
632 1672 689 1759 59,
727 1674 782 1737 sed
817 1674 925 1738 firmat
958 1696 1068 1739 vocem
1098 1675 1251 1759 ἐγέλασσε

73 1779 271 1845 Eustathius
304 1780 410 1844 trihus
442 1781 522 1845 locis
553 1778 596 1867 (p.
621 1779 700 1866 656,
720 1779 776 1865 34,
810 1780 905 1865 1330,
926 1781 958 1866 7,
993 1781 1087 1868 1805,
1107 1781 1157 1870 8),
1179 1804 1250 1847 cum

75 1885 233 1971 Origenes
253 1891 365 1952 contra
385 1909 574 1952 consensum
593 1887 826 1951 Hesiodeorum
844 1887 1002 1952 librorum
1021 1889 1171 1953 exhibeat
1190 1887 1252 1954 ἐτέ-

75 1999 186 2079 λεσσε,
214 2017 310 2078 quam
337 1995 526 2059 varietatem
548 1994 603 2059 hio
632 1994 710 2058 satis
733 1993 837 2058 habeo
861 2000 1015 2059 annotare
1037 1997 1191 2061 iudicium
1215 1995 1252 2059 de

76 2123 116 2166 ea
139 2105 253 2185 quarto
276 2100 373 2165 huius
396 2101 521 2166 dissert.
546 2101 649 2185 capite
672 2100 806 2166 laturus.
830 2141 874 2148 —
896 2100 1036 2166 Versum
1055 2103 1098 2166 60
1120 2102 1253 2167 laudant

79 2206 230 2293 Origines
257 2206 349 2296 (1.1.)
383 2212 415 2287 et
444 2206 590 2273 Clemens
615 2207 852 2273 Alexandrinus
881 2207 1033 2274 Stromat.
1056 2209 1087 2273 V
1107 2233 1136 2293 p.
1157 2209 1252 2274 708Ρ

75 2314 173 2380 Dind.
206 2313 353 2380 Clemens
372 2320 449 2381 vero
468 2316 554 2380 hunc
577 2320 609 2380 et
633 2320 820 2400 sequentem
843 2316 1042 2399 cumprime
1065 2337 1143 2381 voce
1163 2316 1252 2380 tertii

78 2422 250 2506 exscripsit
269 2445 334 2487 non
353 2445 392 2486 ex
411 2423 481 2507 ipso
501 2428 607 2509 poeta,
630 2423 684 2487 sed
703 2446 741 2487 ex
760 2423 817 2486 illo
837 2426 974 2508 auctore,
998 2422 1050 2486 cui
1069 2423 1176 2487 omnia
1196 2445 1253 2487 sua

75 2529 174 2594 huius
197 2529 235 2594 de
257 2529 443 2596 hominibus
468 2553 484 2593 e
507 2531 577 2594 luto
600 2530 694 2594 factis
713 2529 942 2613 disputationis
963 2529 1070 2615 debet3
1095 2553 1190 2614 quam
1210 2529 1252 2593 ob

77 2659 146 2701 rem
169 2637 238 2701 eius
261 2638 383 2702 variam
405 2636 576 2702 lectionem
599 2659 710 2701 versus
730 2637 773 2701 62
796 2635 851 2701 καὶ
875 2639 956 2702 νόον
979 2658 1038 2721 pro
1057 2635 1111 2702 καὶ
1132 2636 1253 2714 σθένος

76 2766 144 2808 non
167 2766 254 2829 euro,
277 2766 349 2808 cum
367 2744 451 2808 nihil
468 2744 600 2831 liqueat,
618 2744 756 2808 fueritne
775 2744 840 2808 iam
860 2744 943 2828 apud
963 2767 1034 2807 eum
1055 2743 1255 2829 scriptorem,

78 2850 256 2916 Hesiodum
284 2851 340 2936 qui
370 2851 552 2938 exscripsit,
581 2873 622 2914 an
649 2855 719 2915 tum
747 2851 875 2916 demum
903 2851 987 2915 facta
1016 2851 1058 2914 sit
1081 2851 1115 2913 in
1139 2850 1253 2914 exscri-

78 2959 183 3023 bendo
207 2958 264 3023 illo
288 2962 418 3023 auctore
442 2981 460 3021 a
479 2955 650 3022 Clemente.
696 2958 741 3022 Et
764 2958 898 3022 minoris
918 2958 1014 3021 etiam
1034 2956 1184 3040 ponderis
1204 2961 1253 3021 est

78 3066 241 3131 Eusebius
268 3067 303 3130 in
329 3064 568 3149 Praeparation.
597 3064 737 3149 evangel.
761 3063 841 3129 XIII
863 3064 903 3128 13
922 3087 952 3148 p.
972 3063 1037 3127 673
1061 3063 1170 3149 Dind.,
1198 3064 1254 3147 qui

80 3174 188 3238 omnia
226 3196 284 3237 sua
322 3195 339 3237 e
372 3171 535 3237 Clemente
568 3172 781 3256 exscripserit.
837 3170 1019 3236 Scholiasta
1051 3171 1090 3235 ad
1121 3169 1252 3234 Pindari

78 3278 171 3344 Nem.
190 3277 238 3344 VI
258 3281 274 3343 1
296 3277 357 3366 (ed.
377 3278 468 3344 Abel.
487 3278 520 3343 ll
541 3276 619 3365 174)
651 3278 761 3343 laudat
793 3278 878 3343 huno
906 3283 938 3342 et
970 3279 1049 3343 duos
1083 3282 1253 3362 sequentes

79 3409 191 3451 versus
224 3386 359 3451 Hesiodi
389 3387 428 3451 ad
458 3386 686 3450 illustrandum
713 3385 793 3449 illud
822 3386 951 3450 Pindari
980 3387 1017 3451 ἓν
1045 3385 1189 3470 ἀνδρῶν,
1217 3386 1254 3450 ἓν

79 3500 173 3558 θεῶν
196 3492 302 3577 γένος,
327 3493 361 3559 ἐκ
384 3503 461 3578 μιᾶς
482 3492 557 3577 ard,
581 3492 637 3557 ubi
659 3492 785 3557 librarii
803 3493 1007 3578 neglegentia
1026 3515 1084 3577 pro
1105 3491 1254 3558 ἐκέλευσε

79 3605 128 3665 est
152 3604 318 3664 exaratum
337 3599 475 3688 ἐκέλευε,
498 3600 554 3684 qui
573 3622 662 3664 error
681 3601 801 3683 passim
822 3602 960 3664 occurrit
978 3601 1013 3663 in
1031 3599 1124 3663 libris
1143 3620 1253 3662 manu-

80 3707 218 3791 seriptis.

169 3813 291 3879 Versus
311 3814 351 3878 61
376 3814 526 3878 laudatur
548 3815 589 3878 ab
613 3813 746 3899 Origine
766 3813 800 3900 (l.
820 3811 865 3900 1.),
888 3812 1061 3878 scholiasta
1084 3810 1252 3875 Pindarico

80 3919 114 4009 (1.
133 3919 180 4009 1.),
202 3919 343 3986 Lucieno
366 3921 400 3985 in
423 3921 585 3987 Prometh.
609 3922 655 3986 ed.
679 3920 841 3985 Fritzsche
859 3919 907 3984 ΙΠ
928 3921 944 3983 1
966 3941 995 4003 p.
1012 3918 1090 4004 1323
1121 3922 1254 4002 propter

79 4029 153 4093 ὕδει
167 4026 332 4092 Aeolicam
346 4027 493 4114 formam,
511 4029 549 4092 de
564 4050 628 4112 qua
642 4028 679 4092 ol.
696 4024 912 4092 Choerobosoi
928 4025 1084 4090 scholium
1099 4048 1128 4110 p.
1140 4025 1191 4109 86,
1202 4025 1253 4109 26,

80 4134 291 4199 laudaverunt
318 4158 446 4200 versum
475 4133 719 4199 Choeroboscus
748 4134 793 4197 ed.
823 4133 910 4218 Hilg.
935 4156 964 4217 p.
985 4132 1049 4197 352
1078 4137 1110 4197 et
1143 4137 1254 4197 auctor

80 4241 187 4326 Etym.
216 4240 329 4327 Magni
356 4265 385 4326 p.
405 4240 479 4306 540.
500 4240 556 4326 53,
589 4263 669 4325 quae
703 4240 810 4304 omnia
842 4240 991 4305 videntur
1023 4240 1183 4323 exscripta
1215 4260 1253 4301 ex

82 4347 212 4413 scholiis
226 4347 407 4413 Homericis
426 4349 477 4413 vel
496 4372 534 4412 ex
552 4348 737 4412 Herodiano
757 4345 809 4434 (of.
825 4346 925 4410 Lenta
944 4346 1062 4411 Herod.
1077 4343 1253 4431 1111271).

82 4452 228 4539 Denique
251 4452 434 4540 Stephanus
458 4455 568 4519 rhetor
590 4455 661 4518 loco
681 4455 812 4518 minime
831 4454 944 4519 idoneo
964 4453 1048 4538 apud
1067 4450 1254 4517 Cramerum
