2970 4980
152 299 197 362 24
280 340 283 345 .
480 295 522 349 Dc
540 293 633 350 Procli
651 292 761 348 ratione
778 290 993 362 interpretandi

155 463 301 528 κελεύων
333 460 545 545 εὐσχημόνως
577 456 771 540 ἐκπληροῦν.
821 454 884 519 Vel
916 476 998 539 quae
1029 453 1107 518 dicit
1138 453 1178 518 ad
1208 475 1237 517 v.
1262 452 1329 518 794

153 593 184 654 p.
199 566 294 655 403):
313 576 445 633 τοιοῦτο
464 561 527 632 οὖν
547 561 601 628 καὶ
620 564 657 628 τὸ
677 560 863 628 ἐπιτιθέναι
881 572 928 650 τῷ
945 571 1084 647 κρατῆρι
1098 561 1158 644 τὴν
1172 562 1330 644 οἰνοχόην

155 675 398 760 συμβολικὸν
430 673 643 755 παίδευμα,
676 667 824 734 τουτέστι
858 669 901 753 μὴ
931 672 1120 753 ἔμπροσθεν
1146 669 1241 750 ἄνειν
1267 677 1330 734 τοῦ

153 789 271 848 κοινοῦ
302 782 340 846 τὸ
373 781 470 846 ίδιον.
517 777 557 841 In
584 776 772 861 explicanda
798 775 937 840 historia
963 774 1102 838 fabulari
1128 774 1228 839 fuisse
1254 796 1331 838 eum

156 887 358 953 fusissimum
389 885 528 950 vidimus
561 888 593 948 et
626 905 724 967 supra
756 882 796 946 ad
826 905 854 947 v.
884 883 900 946 1
934 904 952 946 e
980 880 1158 945 Tzetzianis
1185 880 1265 966 illis,
1297 886 1331 946 et

156 995 271 1059 docent
303 993 402 1078 idem,
434 1014 516 1076 quae
548 990 710 1073 adscripta
741 993 817 1053 sunt
850 989 890 1052 ad
917 988 1099 1053 Pandoram
1128 992 1161 1052 et
1187 985 1331 1053 Aetates.

155 1099 320 1166 Historias
348 1122 428 1184 quas
456 1099 567 1163 dicunt
589 1096 774 1162 illustrandi
797 1117 892 1160 causa
914 1095 1006 1180 larga
1027 1116 1125 1159 manu
1147 1094 1332 1180 profundit3

157 1207 304 1272 conferas
328 1206 450 1271 scholia
472 1204 633 1288 adscripta
656 1204 697 1267 ad
719 1225 769 1267 vv.

159 1314 233 1399 760,
255 1314 344 1378 alios.
383 1311 574 1396 Saepissime
597 1309 836 1394 philosophicas
860 1308 1002 1373 rationes
1024 1330 1119 1373 sanae
1142 1308 1334 1390 interpreta-

159 1420 243 1485 tioni
266 1419 464 1505 anteposuit,
486 1418 577 1482 cuius
600 1417 646 1482 rei
669 1416 961 1481 luculentissimum
983 1415 1165 1498 exemplum
1187 1413 1334 1478 invenias

160 1527 195 1591 in
221 1526 387 1591 Pandorae
413 1525 525 1590 fabula
552 1548 570 1589 a
596 1524 711 1588 Proclo
740 1522 908 1607 explicata.
953 1522 1122 1586 Platonem
1148 1521 1335 1605 saepissime

161 1631 338 1719 adhibeo),
371 1633 440 1697 sine
463 1632 561 1697 dubio
585 1630 664 1696 olim
687 1629 815 1713 saepius
839 1629 938 1693 etiam
965 1651 1063 1712 quam
1090 1628 1123 1692 id
1149 1627 1188 1691 fit
1214 1627 1249 1691 in
1276 1626 1335 1712 eis,

160 1762 242 1825 quae
274 1743 412 1804 aetatem
445 1738 603 1803 tulenmt:
634 1736 790 1800 nimirum
821 1735 901 1799 talia
930 1735 1056 1799 facilius
1084 1757 1181 1819 quam
1208 1734 1337 1818 reliqua

159 1847 359 1911 interierunt.

247 1952 402 2016 Potuitne
433 1950 509 2014 talis
540 1950 698 2033 interpres
727 1949 763 2013 in
789 1950 976 2034 explicando
1005 1972 1101 2015 sensu
1130 1948 1336 2034 singulorum

160 2057 405 2143 vocabulorum,
436 2079 477 2121 ne
509 2056 612 2121 dicam
642 2057 676 2121 in
704 2057 820 2141 etymis
850 2057 1038 2141 quaerendis
1066 2057 1202 2140 aliisque
1229 2078 1336 2141 gram-

161 2165 288 2229 maticis
315 2165 411 2229 rebus
434 2164 623 2249 tractandis,
651 2163 790 2228 multum
814 2168 845 2228 et
869 2164 924 2228 diu
946 2164 1090 2229 versari?
1120 2162 1206 2228 Audi
1228 2162 1336 2247 modo,

162 2293 245 2356 quae
268 2271 337 2355 ipse
359 2274 499 2335 testatur
522 2270 563 2335 ad
585 2294 613 2335 r.
633 2269 697 2335 571
723 2268 767 2357 (p.
787 2271 853 2336 335
868 2268 943 2357 sq.):
970 2271 988 2337 ὁ
1011 2267 1073 2355 μὲν
1097 2269 1186 2357 Θρᾷξ
1208 2271 1336 2334 Διονύ-

162 2393 233 2453 σιος
261 2376 348 2455 ἔλεξε
377 2376 552 2462 φερέοικον
580 2379 640 2443 τὸν
662 2382 811 2462 κοχλίαν·
845 2377 1033 2462 ἐπιτιμῆσαι
1057 2377 1096 2443 δέ
1117 2394 1222 2462 φησιν
1245 2375 1336 2464 αὐτῷ

161 2508 237 2549 τινα
266 2493 364 2550 τοῦτο
395 2483 527 2567 λε’χοντι
551 2482 708 2569 Ἀρκάδα,
742 2480 828 2550 εἶναι
855 2486 918 2568 γάρ
948 2484 984 2549 ἐν
1009 2482 1163 2571 Ἀρκαδίᾳ
1189 2484 1249 2549 τὸν
1276 2507 1336 2567 φε-

162 2589 310 2676 ρέοικον,
339 2591 422 2676 ὁρᾶν
449 2595 581 2676 μελίττη
610 2590 756 2674 ἐοικότα,
784 2594 1017 2675 σμικρότατον,
1044 2592 1155 2676 κάρφη
1178 2589 1233 2655 καὶ
1256 2606 1336 2676 συρ-

163 2699 267 2782 φετὸν
295 2695 401 2786 ἑαυτῷ
435 2698 640 2781 συνάγοντα,
672 2703 940 2779 στεγοποιεῖσθαι
972 2698 1028 2762 διὰ
1058 2701 1136 2775 τοὺς
1162 2708 1336 2782 χειμῶνας,

163 2799 1336 2888 βΜΜΜΜΜΜΜΜὼἯΜΜἫΜΜΜ

162 2910 302 2996 θέρους,
330 2907 402 2976 ἀλλ’
430 2909 554 2975 ὁπόταν
577 2911 701 2994 ὄμβρος
723 2907 872 2993 γίνηται,
900 2909 1130 2995 ἀναδυόμενον
1153 2914 1336 2995 φαίνεσθαι

164 3018 220 3081 διὰ
238 3027 306 3082 τῶν
325 3027 442 3099 φυτῶν
460 3019 601 3100 βαίνειν,
620 3015 757 3081 ἕλκοντα
776 3018 813 3080 τὸ
828 3025 958 3102 κοῦφον
974 3016 1150 3095 ἐξόπισθεν
1164 3021 1336 3101 ὄστρακον.

162 3133 279 3188 τοῦτο
307 3117 378 3206 μὲν
406 3116 477 3186 οὖν
505 3122 607 3199 ὅπως
634 3122 681 3188 dv
709 3124 775 3208 ἔχη
802 3121 978 3208 χαιρέτω.
1024 3125 1337 3209 παρακελεύεται

165 3225 206 3294 δὲ
234 3229 326 3313 μετά
354 3229 498 3293 τούτου
520 3234 587 3294 κτλ.
633 3226 807 3317 Oenscsne,
834 3231 891 3314 qui
918 3234 1010 3296 tanto
1041 3231 1148 3295 studio
1172 3252 1211 3294 ex
1234 3251 1337 3316 gram-

164 3335 283 3401 matica
315 3335 503 3418 quaestione
535 3336 668 3400 festinat
700 3337 739 3401 ad
767 3337 1002 3403 cohortativam
1030 3361 1122 3403 suam
1148 3339 1338 3421 interpreta-

165 3442 300 3524 tionem,
338 3441 471 3506 eundem
505 3442 670 3526 scripsisse
702 3444 742 3508 ad
774 3468 802 3509 v.
827 3444 893 3510 408
917 3442 962 3530 (p.
981 3443 1062 3532 260)
1090 3445 1181 3509 haec:
1219 3447 1263 3509 σὺ
1296 3441 1338 3510 δὲ

166 3557 275 3635 τητᾷ·
302 3546 453 3613 τουτέστι
480 3553 633 3635 στερίσκη
657 3559 718 3617 τοῦ
742 3551 888 3637 ὀργάνου
911 3550 966 3617 καὶ
989 3562 1049 3618 τοῦ
1073 3555 1186 3636 ἔρχου·
1214 3552 1338 3638 τὸγὰρ

164 3661 329 3738 τητᾶσθαι
352 3655 389 3720 τὸ
413 3658 644 3739 στερίσκεσθαι
671 3658 770 3740 δηλοῖ
776 3678 782 3691 ·
819 3669 965 3743 τητῶμαι
989 3659 1052 3743 γάρ
1076 3660 1112 3723 τὸ
1136 3669 1270 3743 πρῶτον
1293 3657 1338 3734 ὡς

166 3766 309 3847 βοῶμαι,
341 3758 397 3826 καὶ
429 3771 509 3849 τητᾷ
542 3763 578 3828 τὸ
612 3764 769 3850 δεύτερον
800 3765 845 3842 ὡς
872 3769 935 3852 βοᾷ
961 3770 1044 3849 κτλ,
1077 3766 1129 3830 vel
1155 3765 1196 3829 ad
1224 3787 1251 3829 v.
1272 3753 1361 3828 302'

166 3865 210 3954 (p.
231 3864 311 3954 203)
344 3866 435 3932 haec:
468 3870 564 3953 λιμὸς
594 3875 742 3953 θηλικῶς
773 3871 902 3954 λέγεται
934 3873 1023 3957 παρὰ
1050 3883 1120 3949 τοῖς
1146 3871 1338 3956 Δωριεῦσιῗ

168 3973 289 4038 Tamen
310 3995 377 4038 non
399 3974 506 4039 minus
528 3975 607 4040 hacc
630 3977 690 4041 sub
710 3977 842 4042 nomine
859 3978 967 4043 Procli
986 3982 1123 4065 exstant,
1144 4000 1212 4043 non
1229 3978 1337 4042 addito

166 4083 284 4157 άλλως.
330 4079 399 4145 Iam
427 4103 500 4145 cum
523 4082 563 4146 ad
585 4106 614 4146 v.
634 4082 698 4150 308
723 4081 767 4169 (p.
786 4081 880 4171 206),
904 4088 941 4148 ut
964 4085 1145 4169 exemplum
1168 4084 1339 4168 proferam,

168 4187 273 4253 multa
300 4187 337 4251 de
365 4209 427 4253 usu
454 4188 602 4253 vocabuli
629 4192 710 4275 ἔργα
736 4189 922 4255 tribuantur
949 4191 1078 4277 Proclo‚
1105 4192 1215 4256 eadem
1241 4191 1338 4275 paulo

257 4418 283 4486 1)
302 4415 342 4471 cf.
362 4415 399 4471 ad
417 4433 461 4472 rr.
478 4420 520 4486 15,
538 4421 658 4486 41,111,
678 4422 737 4488 198,
757 4423 817 4489 273,
837 4424 898 4490 808,
917 4419 988 4475 alios
1006 4436 1111 4474 versus.
