2970 4980
151 266 195 330 56
621 261 734 317 Scholia
752 260 851 316 Procli.

153 425 197 515 (p.
218 427 269 513 72,
284 426 424 510 24-73,
439 424 488 513 6):
512 426 574 490 hoc
597 425 682 490 enim
701 425 768 489 sine
787 425 884 490 dubio
903 425 968 488 iam
986 423 1178 489 Plutarchus
1199 423 1323 510 Proclo,

151 531 284 598 Proclus
307 533 440 597 7777777
468 532 693 617 suppeditavit.
721 571 758 579 -
786 532 837 595 Ad
859 555 888 595 1.
911 531 954 594 47
982 530 1138 595 7711117717
1161 534 1239 595 sunt
1261 536 1324 596 tra·

153 641 220 704 dita
242 664 272 725 p.
294 640 349 725 73,
370 638 508 703 15-19.
555 638 642 715 Quae
666 661 777 703 rursus
799 638 876 703 licet
899 637 1052 722 ampliare
1076 637 1226 702 omnibus
1249 637 1324 724 illis,

152 769 234 831 quae
261 729 375 811 777777
403 746 550 810 adhibuit
578 768 617 809 ex
644 746 878 830 Epicureorum
905 745 1050 809 doctrina
1081 748 1112 809 et
1141 742 1324 809 Stoicorum

152 853 357 938 etymologia.
408 853 553 917 Produnt
590 852 767 939 hominem,
803 857 840 916 ut
873 853 999 936 saepius
1032 851 1324 936 animadvertimus,

152 961 256 1045 ipsius
283 960 382 1024 17177
403 983 434 1044 p.
455 959 510 1038 75,
526 960 559 1024 71
589 959 625 1024 ἐν
652 969 690 1045 τῇ
720 963 916 1046 λεπτολονίᾳ
944 955 981 1024 dt
1003 970 1071 1024 τῶν
1094 958 1183 1024 ἐπῶν
1206 957 1325 1043 σαφέ-

153 1085 293 1151 στερον
326 1074 458 1152 εἴποιμι.
505 1064 655 1131 Ceterum
688 1088 705 1129 e
737 1087 771 1129 re
804 1065 865 1129 erit
896 1066 1052 1131 nonnulla
1081 1087 1119 1130 ex
1147 1065 1325 1130 Tzetzianis

153 1175 297 1239 conferre
311 1195 383 1238 cum
393 1173 570 1238 Proclianis
586 1173 626 1236 ad
639 1194 749 1237 uersus
763 1172 843 1238 duos
858 1173 914 1255 qui
929 1175 1107 1257 sequuntur
1120 1171 1324 1260 (1177129-

154 1281 172 1344 7
176 1281 210 1364 6,
225 1281 281 1365 20,
296 1277 452 1367 26-33).
498 1277 656 1344 Advertas
684 1279 909 1345 7777111Ρ17717
938 1280 1060 1345 scholia
1083 1281 1122 1345 ad
1145 1303 1172 1344 v.
1192 1279 1324 1344 50-53

154 1386 449 1476 (p.77,1-7‚30-
455 1384 743 1474 Ρ.78,5,15-22),
753 1410 769 1451 7
780 1387 898 1470 quibus
912 1387 1080 1472 intelleges
1094 1408 1167 1451 eum
1179 1386 1325 1452 huiusce-

152 1495 240 1559 modi
268 1516 319 1558 res
346 1493 510 1558 fusissime
536 1494 732 1559 tractavisse.
778 1493 865 1570 Quae
888 1515 984 1578 porro
1009 1494 1046 1557 de
1069 1494 1200 1558 nomine
1221 1493 1324 1578 Iapeti

153 1601 281 1686 777777,
313 1601 516 1684 maximeque
549 1623 630 1686 quae
654 1599 697 1688 (p.
723 1599 780 1687 81)
814 1600 852 1665 de
884 1601 1151 1685 interpretatione
1183 1601 1325 1687 physica,

152 1697 365 1794 pragmatica,
392 1708 544 1792 psychica
566 1708 707 1773 nominis
730 1707 914 1772 Promethei
936 1707 1049 1794 habet,
1077 1729 1113 1772 77
1135 1706 1251 1772 Ρ17717
1275 1708 1326 1772 ad-

153 1815 292 1878 scribere
328 1836 395 1879 non
431 1818 559 1879 tantum
591 1837 648 1899 per
681 1815 863 1900 argumenti
894 1818 1043 1878 naturam
1075 1814 1233 1900 cogimur,
1272 1815 1325 1880 sed

154 1922 252 1986 7777111
279 1921 381 2004 ipsius
404 1919 511 1985 Procli
535 1921 657 1985 scholia
679 1920 719 1985 ad
741 1943 769 1985 1.
789 1920 920 1985 56-59
944 1943 974 2004 p.
995 1921 1046 2006 82,
1061 1921 1179 2008 7-16,
1194 1922 1325 1986 23-24

153 2029 188 2091 711
220 2026 491 2111 comparationem
522 2031 651 2113 uocata,
690 2028 769 2111 quin
801 2028 899 2092 etiam
930 2027 1062 2092 7777777
1093 2028 1198 2112 prima
1229 2029 1326 2093 17177

156 2132 199 2222 (p.
221 2134 272 2219 80,
287 2131 354 2221 27),
378 2134 495 2219 quibus
518 2133 795 2199 vehementissime
817 2134 981 2198 invehitur
999 2135 1034 2198 in
1051 2134 1210 2221 Proclum,
1234 2156 1325 2220 argu·

152 2245 261 2306 mento
294 2240 389 2305 117777
422 2244 498 2305 sunt
534 2240 702 2305 Procliana
735 2263 804 2305 esse
839 2241 918 2306 haec
951 2242 1066 2306 71111177.
1091 2280 1133 2288 -
1156 2240 1208 2306 Ad
1230 2265 1259 2306 1.
1282 2241 1324 2306 59

153 2372 183 2433 p.
204 2349 259 2431 82,
275 2348 408 2412 23-24
440 2348 651 2432 perexiguum
680 2347 839 2413 scholium
865 2347 1020 2413 habemus
1048 2347 1168 2433 Procli,
1199 2352 1326 2433 praeter

154 2454 339 2541 opinionem
367 2458 398 2519 77
426 2454 511 2538 apud
539 2455 686 2519 Tzetzam
714 2455 854 2540 plurima
881 2458 957 2519 sunt
985 2455 1023 2519 de
1050 2456 1119 2520 risu
1148 2455 1328 2540 sardonico,

154 2567 186 2627 77
210 2562 327 2627 similia
351 2562 448 2626 etiam
472 2561 556 2646 apud
574 2560 832 2647 Moschopulum,
855 2583 951 2646 quem
974 2584 1071 2646 supra
1089 2562 1228 2628 vidimus
1246 2585 1326 2628 nun-

155 2691 251 2753 quam
275 2669 489 2733 777777771177
512 2669 656 2752 pendere.
699 2667 887 2734 Communis
911 2672 1023 2733 auctor
1047 2670 1119 2753 quis
1141 2671 1249 2757 fuerit,
1271 2672 1324 2736 1711

153 2780 262 2860 potest
290 2776 422 2840 dubium
453 2797 530 2839 7777.
582 2773 728 2858 Accedit,
758 2775 845 2860 quod
872 2775 1077 2862 Eustathius,
1110 2777 1166 2862 qui
1193 2778 1245 2842 bis
1274 2777 1325 2867 (ad

153 2882 244 2948 Iliad.
268 2906 297 2967 p.
319 2883 413 2966 1330,
430 2883 448 2946 7
473 2886 505 2946 77
528 2905 558 2966 p.
578 2878 1325 2968 656,34)717777777711777111771717717717177,

153 2990 252 3054 tertio
277 2989 415 3075 quodam
438 2989 509 3054 loco
529 2988 698 3052 7777777117
721 2989 873 3073 repetivit
897 2990 1004 3054 omnia
1026 2988 1080 3078 (ad
1099 2989 1325 3075 Odysseamll

153 3119 182 3180 p.
203 3096 281 3180 238,
297 3093 457 3183 26-46),
484 3118 568 3161 11717
590 3096 693 3160 11111177
716 3096 840 3181 attulit,
864 3096 1031 3181 opiniones
1051 3098 1252 3164 diversorum
1275 3122 1325 3165 711-

153 3202 270 3287 posuit.
296 3241 337 3249 -
360 3202 491 3267 Praeter
518 3203 587 3286 illa,
616 3224 697 3286 quae
720 3202 827 3268 Procli
856 3204 915 3268 sub
938 3205 1069 3268 nomine
1091 3204 1265 3270 traduntur
1287 3206 1325 3270 ad

153 3332 183 3374 1.
202 3310 245 3375 60
268 3332 299 3393 p.
320 3311 376 3393 84,
392 3309 410 3372 7
414 3310 514 3394 -22,
538 3312 615 3373 sunt
639 3310 780 3374 eiusdem
804 3311 872 3375 77117
895 3311 1003 3395 dubio,
1027 3333 1108 3396 quae
1131 3311 1247 3377 777777
1270 3314 1325 3379 ἀλ-

154 3422 338 3502 ληγορικῶς
359 3410 390 3499 p.
411 3415 463 3502 84,
478 3414 619 3500 25-85,
637 3417 659 3479 4
687 3417 866 3501 proposuit.
912 3415 1034 3482 Contra
1057 3418 1125 3483 eius
1148 3418 1325 3485 doctrinam

153 3522 286 3587 minime
310 3522 455 3606 sapiunt,
484 3544 565 3605 quac
589 3523 657 3587 eius
682 3524 742 3602 sub
765 3525 895 3589 nomine
918 3528 1030 3589 extant
1053 3524 1091 3589 de
1113 3525 1325 3592 declinatione

153 3629 242 3694 17777
264 3629 346 3706 door
369 3653 400 3714 p.
420 3629 627 3713 84,18-22.
649 3669 686 3678 -
703 3631 825 3696 Versus
845 3631 978 3697 61-64
1001 3630 1174 3716 explicavit
1192 3631 1325 3699 Proclus

154 3736 310 3821 ampliore
347 3737 591 3823 commentario,
628 3738 710 3802 unde
745 3760 803 3823 per
835 3741 987 3823 excerpta
1019 3742 1173 3822 quattuor
1205 3740 1325 3805 scholia

154 3846 230 3906 sunt
239 3843 360 3907 tradita
373 3867 404 3927 p.
414 3843 612 3928 86,13-14,
622 3844 945 3931 87,5-12,24-27,
955 3845 1135 3931 28-788,
1146 3847 1174 3910 2.
1194 3846 1325 3912 Eisdem

153 3948 386 4034 Moschopulus
410 3974 441 4035 p.
462 3951 502 4014 87
508 4002 517 4035 ,
534 3951 621 4014 1-4
645 3951 771 4015 nititur.
817 3948 880 4014 Sed
902 3951 1017 4015 777777
1040 3952 1200 4037 interpres
1222 3953 1326 4038 philo·

154 4055 276 4140 sophus
301 4057 405 4139 qualis
429 4058 482 4144 sit,
504 4040 664 4141 hocloco,
687 4057 744 4121 ubi
762 4058 797 4121 in
821 4058 888 4122 eius
912 4059 1043 4143 oppclla
1062 4060 1324 4144 acquiescendum

154 4166 218 4247 est,
242 4162 331 4227 iuvat
354 4165 529 4228 ostendere.
576 4162 638 4239 Qui
661 4164 696 4228 in
717 4186 812 4228 versu
837 4165 880 4228 62
902 4165 1059 4230 17777717
1081 4166 1267 4245 ἀθανάταις
1289 4163 1325 4232 dl

153 4277 250 4348 θεαῖς
280 4270 445 4354 amplexus
475 4269 666 4335 sententiam
694 4270 927 4355 Epicureorum
955 4272 1038 4336 male
1066 4273 1106 4336 ab
1134 4272 1206 4356 ipso
1234 4273 1328 4339 intel-⁴

153 4378 271 4443 lectam
307 4378 355 4441 ita
396 4376 584 4461 explicarit:
620 4378 726 4460 ἥνοον
766 4390 851 4455 τοῖς
885 4385 1059 4462 dodrans
1096 4379 1324 4465 λεγομένοις
