2970 4980
356 295 398 349 De
418 294 539 364 Operum
557 294 684 348 versibus
704 294 739 348 ab
759 294 882 364 antiquis
901 295 1033 350 laudatis.
1221 298 1283 361 159

111 454 392 542 Choeroboscique
416 457 546 522 scholiis
569 458 634 522 iam
657 480 754 542 supra
777 459 855 522 satis
878 457 1017 523 laudatis
1036 463 1068 522 et
1087 459 1286 524 coniecturas

111 563 460 648 interpretationesque
488 564 584 628 huius
614 565 730 629 aetatis
757 564 1103 630 virorumdoctorum.
1153 564 1198 630 At
1220 588 1286 630 non

110 670 266 735 valebunt
289 671 388 758 leges,
410 693 489 755 quas
513 671 608 736 modo
633 672 860 736 constituimus
883 672 929 736 rei
950 671 1145 758 tractandae,
1168 672 1225 735 ubi
1247 672 1286 736 de

109 798 146 840 re
174 776 282 861 aliqua
308 777 350 841 lis
378 778 440 842 erit
469 779 529 842 sub
557 778 731 864 iudicibus,
759 779 815 842 ubi
838 778 997 862 imprimis
1025 778 1059 842 id
1080 800 1209 865 moneo,
1235 801 1286 843 me

110 905 150 947 ex
182 883 326 948 uirorum
360 884 529 949 doctorum
561 885 754 950 coniecturis
786 907 852 949 non
884 885 913 948 ei
945 885 1096 950 daturum
1124 907 1192 950 esse
1219 885 1286 969 pal-

109 1012 210 1075 mam,
238 1013 301 1074 qua
329 991 471 1075 optimus
498 992 556 1056 fiat
579 1013 705 1077 sensus,
732 992 787 1055 sed
810 1013 873 1075 qua
895 991 1068 1056 verisimile
1092 992 1135 1056 sit
1158 992 1286 1056 restitui

110 1097 281 1180 antiquum
303 1101 445 1183 textum,
472 1120 555 1162 nam
582 1121 657 1163 non
679 1099 719 1163 in
741 1097 987 1183 emendand0,
1010 1098 1074 1162 sed
1097 1099 1135 1162 in
1157 1120 1285 1164 recen-

110 1202 228 1268 sendo
251 1208 362 1269 textu
386 1205 527 1289 ubique
554 1205 803 1270 versabimur.
849 1203 918 1268 lam
942 1205 1127 1269 accedamus
1151 1205 1190 1269 ad
1213 1227 1284 1289 pro·

111 1310 259 1375 oemium.

199 1417 338 1483 Versum
358 1420 374 1482 1
396 1418 539 1483 laudauit
558 1418 609 1483 Ps.
624 1418 730 1484 Draco
746 1417 995 1484 Stratonicensis
1015 1416 1284 1505 (editHermanni

109 1546 140 1608 p.
166 1523 325 1612 77,121)‚
356 1526 488 1611 longam
520 1547 589 1590 esse
620 1526 757 1610 primam
790 1526 948 1610 syllabam
979 1526 1067 1590 vocis
1098 1530 1220 1612 Πιερία
1248 1529 1284 1590 ut

110 1632 305 1718 ostenderet3
334 1656 361 1697 v.
383 1632 476 1697 1-8
500 1631 563 1697 Dio
588 1629 838 1716 Chrysostomus
867 1630 956 1719 (edit.
985 1632 1023 1696 de
1050 1629 1178 1695 Arnimi
1206 1654 1284 1696 usus

110 1759 180 1802 sum
201 1760 303 1822 usque
322 1739 361 1803 ad
380 1743 457 1803 orat.
474 1737 626 1825 XXXIII,
643 1743 756 1823 postea
770 1737 947 1826 Dindorfii)
970 1762 1000 1823 p.
1016 1737 1129 1803 200M.
1161 1736 1285 1803 Neuter

111 1867 130 1909 a
156 1866 267 1910 versus
290 1846 387 1930 primi
410 1846 530 1910 tradita
551 1846 710 1910 librorum
732 1846 887 1910 memoria
910 1846 1042 1932 recedit,
1065 1867 1168 1929 neque
1192 1847 1284 1910 testi-

111 1952 229 2016 moniis
261 1952 469 2037 diiudicatur,
502 1953 585 2017 sitne
617 1953 909 2038 interpungendum
931 1957 1007 2037 post
1030 1956 1216 2039 Πιερίηθεν
1243 1975 1284 2017 an

110 2062 186 2142 post
208 2063 346 2124 Μοῦσαι
370 2064 402 2124 et
423 2059 594 2145 legendum
616 2057 819 2147 alstovcufi)
842 2083 882 2124 an
906 2059 1045 2124 admisso
1071 2059 1176 2143 quinti
1194 2059 1284 2143 pedis

111 2165 252 2249 spondeo
275 2170 454 2232 κλείουσαι.

199 2272 348 2338 Alterum
371 2296 499 2339 versum
523 2272 593 2362 (ubi
618 2271 642 2338 0
667 2275 761 2339 δεῦτε
785 2275 846 2359 δή,
867 2273 897 2337 D
922 2275 1017 2338 δεῦτε
1040 2271 1134 2360 Δί’),
1157 2278 1280 2358 praeter

110 2377 248 2445 Dionem
266 2377 301 2468 (l
320 2378 367 2467 1.),
389 2381 480 2446 cuius
503 2381 579 2445 libri
603 2403 713 2446 omnes
733 2380 886 2445 exhibent
910 2379 1081 2444 secundum
1100 2379 1283 2443 Arnimium

110 2484 184 2570 Δί,
197 2487 408 2553 laudaverunt
417 2487 611 2552 Eustathius
625 2511 655 2572 p.
667 2486 727 2576 (ed.
737 2485 850 2574 Basil.)
866 2486 896 2570 9,
906 2489 940 2572 33
957 2486 1053 2570 1383,
1063 2485 1119 2570 333
1136 2485 1231 2571 1809,
1244 2484 1282 2551 15

111 2589 182 2679 (ubi
197 2598 246 2658 est
259 2595 338 2660 item
351 2592 436 2682 Δί’),
455 2598 492 2658 ut
505 2595 649 2659 firmaret
668 2593 830 2680 σφέτερον
844 2593 1045 2678 pronominis
1059 2615 1154 2657 usum
1168 2597 1201 2657 et
1216 2614 1283 2656 sen-

111 2720 182 2763 sum
204 2701 291 2766 vocis
315 2701 445 2768 ἐνέπειν
464 2701 645 2767 ostenderet
664 2702 805 2786 itemque
824 2700 964 2766 nominis
982 2698 1059 2785 Δί’,
1081 2699 1283 2765 Herodianus

110 2805 221 2871 rhetor
235 2806 297 2895 (ed.
307 2807 409 2873 Walz.
424 2807 485 2873 Rh.
501 2795 548 2895 gr.
558 2807 640 2873 VIII
653 2808 727 2894 586,
743 2811 762 2873 6
778 2812 810 2872 et
824 2807 996 2873 Villoison.
1005 2805 1123 2871 Anecd
1135 2827 1236 2892 graec.
1250 2805 1284 2870 Π

111 2911 168 3001 89)
182 2919 315 2999 propter
329 2937 424 2979 usum
437 2915 637 3000 pronominis
652 2914 826 3001 σφέτερον,
840 2915 897 2980 ubi
909 2919 942 2979 et
951 2909 1008 2979 Δί’
1021 2918 1053 2979 et
1068 2915 1109 2998 δὴ
1124 2914 1159 2977 in
1170 2912 1283 2978 codici-

110 3021 185 3106 bus3
200 3021 374 3087 scholiasta
388 3022 579 3088 Homericus
585 3020 611 3110 ³)
627 3023 667 3087 ad
681 3029 713 3087 A
721 3024 741 3087 2
756 3019 817 3108 (ed.
832 3021 978 3086 Dindorf.
992 3020 1009 3085 l
1022 3021 1054 3106 4,
1066 3006 1282 3084 Diod-Mam

110 3125 191 3216 Ἡ)
211 3133 344 3213 propter
363 3129 588 3215 imperativum
608 3128 768 3212 ἐννέπετε,
787 3129 845 3193 ubi
861 3132 910 3192 est
929 3129 984 3212 δή,
1003 3126 1112 3192 eadem
1132 3126 1169 3191 de
1188 3148 1284 3192 causa

109 3233 313 3300 hemistichia
325 3241 401 3301 sunt
410 3236 541 3301 laudata
552 3237 586 3300 in
598 3235 755 3320 excerptis
765 3234 942 3299 Herodiani
957 3234 1131 3319 cuiusdam,
1144 3234 1282 3299 fortasse

201 3449 226 3516 1)
246 3447 400 3517 Editiones,
428 3448 530 3517 quibus
558 3465 625 3502 usus
653 3464 708 3517 ero,
734 3447 857 3502 laudabo
880 3447 970 3518 primo
994 3463 1106 3515 quoque
1127 3446 1203 3515 loco,
1227 3462 1283 3515 quo

110 3534 227 3590 afferam
255 3536 419 3607 scriptorem
447 3537 585 3606 aliquem
612 3536 643 3590 in
671 3536 840 3591 adnotandis
868 3536 1004 3590 librorum
1031 3535 1284 3604 manuscriptorum

109 3624 280 3680 lectionibus
298 3625 380 3680 licuit
398 3624 469 3679 mihi
487 3625 529 3679 uti
548 3624 662 3696 optimis
681 3624 880 3679 collationibus
894 3624 1071 3694 ltzachianis,
1090 3641 1161 3692 quas
1174 3640 1283 3678 mecum

109 3731 160 3783 per
182 3713 294 3768 litteras
316 3713 359 3767 vir
383 3712 561 3767 doctissimus
580 3712 701 3782 benigne
721 3713 949 3781 communicavit;
974 3713 1052 3767 cuius
1070 3712 1112 3768 rei
1130 3728 1239 3781 semper
1256 3712 1283 3764 ei

108 3802 220 3857 habebo
239 3803 369 3873 gratiam.
557 3795 560 3803 ’

200 3893 226 3962 2)
255 3891 336 3957 Quod
363 3910 427 3946 cum
449 3891 578 3947 Nauckio
601 3892 724 3962 Melang.
749 3891 826 3946 Grec.
846 3891 925 3945 Rom.
944 3891 983 3944 Ill
1005 3910 1033 3960 p.
1048 3895 1099 3944 213
1122 3889 1283 3945 maluerunt

108 3980 248 4035 Rzachius
267 3984 296 4036 et
312 3981 508 4036 Xirchhoffius.

199 4074 226 4141 3)
246 4070 363 4142 Singula
385 4070 663 4141 scholiog'raphorum
680 4069 795 4125 nomiha
814 4069 868 4124 etsi
885 4068 1028 4123 nonnullis
1046 4069 1115 4123 locis
1135 4069 1217 4142 certa}
1228 4068 1282 4123 hoc

108 4159 170 4214 loco
198 4159 285 4214 missa
312 4160 429 4230 faciam;
456 4177 524 4215 nam
545 4159 634 4214 nolim
655 4159 771 4230 Didymi
795 4161 845 4213 aut
867 4157 1032 4229 Aristonici,
1055 4159 1210 4214 Herodiani
1233 4160 1283 4212 aut

109 4248 258 4304 Nicanoris
278 4249 476 4304 auctoritatem
494 4249 628 4318 minuere,
647 4265 711 4302 cum
725 4265 772 4303 eos
787 4251 915 4302 auctores
929 4247 1023 4302 dicam
1036 4248 1196 4317 lectionum,
1211 4264 1282 4316 quas

109 4340 185 4392 recte
205 4338 242 4392 ab
261 4337 331 4409 ipsis
349 4339 480 4408 traditas,
499 4339 535 4392 ab
554 4337 762 4412 recentioribus¹
777 4340 872 4392 autem
887 4336 1048 4392 scholiastis
1063 4340 1206 4406 corruptas
1221 4351 1281 4390 essa

110 4443 194 4498 saepe
212 4426 364 4482 verisimile
383 4431 433 4483 cst.
