2970 4980
362 319 405 374 De
425 318 547 390 Operum
566 319 691 374 versibus
711 319 746 373 ab
767 320 891 390 antiquis
909 321 1041 378 laudatis.
1151 292 1154 300 .
1231 324 1293 388 167

116 480 181 544 279
205 479 300 546 Dind.
332 485 470 567 utroque
502 483 574 548 loco
607 487 644 547 ut
671 484 940 572 παρῳάούμενον.
996 484 1058 560 Qui
1090 507 1163 551 cum
1191 488 1293 552 altero

115 587 187 653 loco
213 588 334 673 optime
357 591 538 655 consentiat
562 611 633 655 cum
657 589 751 654 libris
774 589 953 676 Hesiodeis,
976 593 1077 657 altero
1101 598 1208 658 tamen
1231 617 1290 680 pro

115 695 211 760 initio
234 717 346 760 versus
365 692 448 775 αἶψά
471 721 507 763 κε
526 696 677 761 exhibeat
695 697 910 784 αὐτίκα,ηοοά
928 702 960 762 et
978 698 1085 783 ipsum
1104 701 1138 764 in
1159 701 1290 766 scholiis

116 802 364 868 Monacensibus
385 805 525 870 occurrit
549 803 584 891 (γ
592 828 620 889 ρ.
640 805 757 869 αὐτίκα
776 804 951 869 secundum
973 804 1152 870 Usenerum
1175 807 1289 872 Rhein.

114 909 196 974 Mus.
220 908 315 974 XXII
338 933 368 995 p.
387 909 482 996 591),
515 915 648 996 apparet
679 911 763 976 hanc
794 911 983 976 varietatem
1015 912 1098 976 nihil
1130 935 1200 978 esse
1227 914 1291 979 nisi

114 1017 288 1082 memoriae
310 1017 437 1102 lapsum
460 1019 511 1083 vel
534 1019 753 1083 coniecturam
776 1018 942 1083 cuiusdam
964 1020 1099 1104 librarii,
1124 1020 1180 1104 qui
1203 1021 1289 1086 initii

45 1124 48 1129 ’
81 1128 85 1133 ’
114 1117 197 1201 sistri
219 1147 255 1189 κε
284 1124 500 1210 copulativam
523 1125 589 1190 vim
611 1147 677 1190 non
704 1126 918 1211 perspexerit,
950 1148 1047 1210 quam
1079 1128 1288 1192 desiderabat.

112 1227 202 1295 Idem
236 1232 452 1297 recentiorum
480 1255 607 1316 quoque
636 1237 712 1297 sunt
741 1233 796 1317 qui
824 1232 1014 1317 erraverint,
1041 1233 1076 1296 in
1103 1233 1154 1297 his
1179 1233 1289 1299 Goett-

112 1336 248 1424 lingius,
276 1339 367 1403 cuius
395 1339 578 1404 coniectura
606 1335 688 1418 αἶψά
715 1364 750 1404 τε
773 1340 937 1421 κηὸἀλιόν
966 1364 1024 1405 κεν
1054 1341 1178 1405 deletur
1208 1342 1288 1405 illud

113 1443 185 1528 μέν,
210 1445 296 1528 quod
314 1447 480 1530 aptissime
499 1447 671 1532 respondet
691 1447 899 1530 subsequenti
918 1446 969 1531 de‘3
993 1468 1074 1531 quos
1093 1451 1205 1511 contra
1223 1448 1286 1512 iam

111 1551 316 1617 Hermannus
341 1553 461 1638 optime
485 1554 643 1639 pugnavit
667 1575 717 1638 op.
736 1552 784 1617 Vl
802 1577 832 1638 p.
852 1553 926 1617 223.
946 1593 990 1601 -
1012 1552 1135 1618 Versus
1153 1554 1196 1617 46
1220 1555 1286 1618 lau-

112 1659 208 1722 datur
235 1660 275 1723 ab
303 1682 368 1725 uno
398 1659 572 1726 Eustathio
597 1660 637 1725 ad
660 1659 773 1744 Odyss.
792 1683 823 1745 p.
845 1659 939 1724 1650.
960 1661 978 1724 7
1003 1665 1136 1746 propter
1158 1670 1287 1726 sensum

110 1787 228 1832 vocum
249 1769 329 1852 ἔργα
352 1771 449 1852 βοῶν.

200 1871 323 1938 Versus
341 1873 384 1938 48
408 1896 474 1938 non
498 1875 631 1938 affertur
653 1875 693 1938 ab
713 1873 779 1938 ullo
800 1878 944 1960 auctore3
966 1875 1069 1939 nihilo
1088 1875 1194 1940 minus
1215 1898 1286 1940 eum

108 1979 172 2045 hoc
207 1980 279 2046 loco
312 1981 478 2067 tractabo,
514 2003 586 2046 cum
618 1982 653 2046 in
688 2004 724 2046 eo
757 1981 930 2046 manifesto
967 1983 1116 2048 lectionis
1148 1985 1285 2047 varietas

108 2087 296 2171 reperiatur.
346 2087 438 2152 Libri
466 2110 542 2152 sane
568 2110 635 2153 non
663 2087 858 2176 discrepant,
885 2112 959 2153 nam
983 2090 1211 2175 ἀγκυλομήτης
1235 2112 1285 2154 ex-

109 2193 202 2258 hibet
225 2192 264 2279 D,
288 2193 522 2280 ἀγκυλομητις
546 2196 614 2260 sine
638 2199 771 2261 accentu
795 2192 834 2282 0,
858 2197 944 2279 quod
966 2196 1050 2261 idem
1074 2201 1137 2282 est,
1160 2198 1283 2262 simodo

108 2305 254 2366 tenemus
290 2302 460 2367 librarium
496 2303 589 2368 illum
626 2325 664 2366 ex
701 2303 870 2367 iotacismo
908 2304 1092 2386 saepissime
1127 2303 1281 2368 laborare.

108 2407 202 2484 Quod
232 2407 295 2473 hoc
326 2431 454 2493 quoque
485 2409 557 2474 loco
590 2410 712 2475 factum
739 2431 808 2474 esse
836 2431 873 2474 eo
901 2410 939 2473 fit
967 2409 1182 2493 probabilius,
1210 2432 1282 2473 oum

108 2514 191 2579 alter
222 2514 389 2580 Parisinus
412 2516 514 2600 2773,
547 2517 603 2600 qui
630 2516 757 2580 etiamsi
785 2515 903 2580 codicis
932 2514 1109 2580 Messeniae
1141 2514 1282 2580 familiae

108 2625 170 2706 est,
199 2643 293 2706 saepe
322 2626 431 2687 tamen
454 2645 471 2686 e
494 2619 520 2688 O
543 2622 660 2707 pendet
683 2623 718 2686 in
741 2622 893 2688 correctis
916 2623 1118 2706 lectionibus,
1142 2622 1282 2705 ἀγκυλο-

107 2727 212 2813 μήτις
236 2728 386 2794 exhibeat
409 2729 519 2795 eadem
537 2753 634 2794 manu
653 2731 688 2794 in
706 2728 935 2815 ἀγκυλομήτης
953 2733 1140 2794 correctum.
1178 2729 1282 2813 Supra

107 2840 215 2901 tamen
246 2836 385 2901 vidimus
418 2836 678 2902 Ghoerobosoum
716 2836 753 2901 de
790 2836 956 2902 vocabulis
993 2835 1213 2921 ἀγκυλόμητις
1249 2841 1281 2900 et

106 2946 384 3028 κοικιλόμητις
410 2944 508 3009 verba
530 2943 649 3030 facere,
671 2945 761 3008 ouius
785 2943 1020 3008 dissertationis
1044 2944 1190 3026 exempla
1212 2943 1280 3007 veri

107 3051 318 3135 simillimum,
332 3074 371 3116 ex
384 3051 547 3115 veteribus
561 3051 693 3117 scholiis
708 3073 777 3115 esse
790 3050 907 3115 hausta
921 3054 971 3114 est
984 3054 1017 3114 et
1031 3051 1117 3134 apud
1129 3050 1281 3114 Proclum

106 3156 317 3224 Plutarchum
336 3158 491 3223 disserere
510 3159 548 3222 de
565 3158 771 3243 praeferenda
784 3158 921 3223 lectione
940 3156 1168 3241 ἀγκυλομήτης
1187 3157 1279 3220 alteri

105 3268 342 3350 κοικιλόμηκις.
392 3264 437 3329 Et
466 3265 494 3329 si
522 3265 579 3329 illo
603 3266 674 3329 loco
698 3265 779 3329 bene
802 3264 1047 3349 disputavimus,
1069 3263 1280 3328 Plutarchum

106 3373 140 3436 in
177 3395 236 3436 suo
274 3371 447 3456 exemplari
478 3375 705 3457 ποικιλόμητις
736 3372 852 3456 legisse
883 3393 1012 3436 necesse
1045 3376 1101 3436 est.
1165 3369 1279 3456 Itaque

105 3478 255 3543 lectionis
277 3479 416 3543 varietas
440 3483 488 3543 est
513 3479 689 3544 statuenda.
706 3517 748 3525 —
762 3477 900 3544 Versum
914 3476 957 3542 53
977 3500 1050 3543 oum
1069 3479 1277 3563 sequentibus

106 3585 327 3670 undetriginta
363 3585 507 3650 laudavit
544 3585 698 3671 Origenes
730 3586 766 3648 in
797 3585 882 3650 libro
910 3583 965 3649 IV.
1000 3588 1112 3648 contra
1148 3581 1277 3648 Celsum

107 3691 199 3781 (tom.
218 3692 296 3756 XIX
314 3716 343 3777 p.
359 3691 400 3756 58
421 3691 568 3781 Lomm.),
586 3693 732 3776 idemque
751 3693 861 3757 eodem
878 3693 949 3757 loco
968 3713 1096 3756 versum
1115 3690 1158 3755 90
1176 3714 1277 3775 usque

106 3799 145 3864 ad
168 3823 196 3864 v.
217 3799 268 3864 98.
319 3798 410 3875 Quod
437 3799 596 3884 imprimis
625 3822 695 3864 eam
722 3800 763 3865 ob
791 3823 858 3864 rem
882 3800 1008 3884 insigne
1032 3801 1094 3882 est,
1118 3797 1204 3881 quod
1226 3802 1276 3863 tot

105 3929 216 3970 versus
248 3928 314 3970 uon
347 3909 395 3970 est
419 3907 485 3970 veri
509 3907 613 3971 simile
640 3906 807 3992 Originem
833 3907 950 3972 citasse
977 3905 1130 3971 memoria
1156 3905 1277 3993 nixum,

105 4013 203 4078 immo
228 4013 372 4096 inspecto
396 4012 489 4078 libro.
536 4013 636 4090 Quem
657 4018 843 4079 nostrorum
861 4013 1050 4078 dissimilem
1068 4013 1168 4077 fuisse
1187 4017 1276 4097 patet

105 4142 123 4183 e
145 4119 291 4185 versibus
312 4120 354 4184 70
364 4141 432 4204 sqq.
483 4120 586 4197 Quam
614 4121 655 4185 ob
679 4143 747 4184 rem
768 4119 922 4185 lectiones
945 4121 1064 4206 variae,
1092 4142 1173 4204 quae
1196 4121 1275 4184 satis

106 4227 226 4291 multae
255 4232 435 4312 occurrent,
462 4250 635 4313 apponam,
663 4250 731 4292 non
759 4227 876 4291 diserte
900 4226 1080 4313 explicab03
1109 4226 1193 4310 quod
1217 4247 1274 4290 suo

105 4333 175 4398 loco
208 4334 272 4398 fiet.
306 4372 348 4381 —
380 4333 420 4398 ln
451 4357 544 4399 versu
573 4333 616 4398 55
648 4334 807 4398 laudando
840 4331 990 4418 Origines
1019 4334 1052 4420 (l.
1078 4331 1114 4420 l.)
1146 4331 1276 4396 exhibet

106 4445 234 4528 χαίροις
261 4463 325 4525 quo
349 4445 473 4527 χαίρεις
496 4442 618 4506 variam
640 4441 826 4524 lectionem,
849 4463 930 4525 quae
953 4441 1032 4524 quin
1055 4463 1111 4524 per
1134 4462 1168 4504 se
1192 4443 1277 4504 stare
