2984 4980
159 327 222 390 172
403 323 444 377 De
464 322 586 393 Operum
604 320 731 376 versibus
751 321 787 374 ab
806 319 930 389 antiquis
950 318 1082 373 laudatis.

157 493 188 554 et
203 487 361 553 Stobaeus
376 485 461 574 (vide
476 487 516 551 ad
530 510 557 550 v.
569 485 636 573 67),
658 507 794 570 quorum
817 488 952 569 uterque
971 483 1141 548 confirmat
1160 482 1331 549 lectionem

158 596 355 679 optimorum
373 594 532 658 librorum
552 596 720 677 στήθεσσι,
739 588 848 678 (Meas.
867 590 950 654 falso
969 592 1145 675 στήθεσφι,
1164 591 1202 653 cf.
1216 589 1331 656 Rzach

156 702 176 767 l.
195 701 214 766 l.
234 725 264 785 p.
284 699 356 788 38),
378 723 506 765 versum
523 701 563 763 78
588 697 757 784 Origenes,
781 695 948 780 Stobaeus‚
971 695 1166 761 Plutarchus
1191 698 1229 761 de
1254 720 1329 763 com.

156 813 222 872 not.
242 832 271 892 p.
292 806 413 894 1065d‚
436 829 547 871 versus
573 807 627 890 79,
652 806 707 890 80,
728 806 768 869 81
794 802 957 889 Origenes,
1002 802 1143 868 Versum
1168 805 1209 869 81
1237 810 1269 871 et
1292 807 1331 870 82

157 916 236 979 haec
260 919 387 979 exstant
410 915 590 999 fragmenta
614 912 697 996 apud
714 910 938 976 Philodemum
957 908 1031 996 περὶ
1052 911 1223 995 εὐσεβείας
1244 911 1329 999 (Pap.

162 1022 247 1086 1609
266 1045 293 1086 v.
313 1044 343 1105 p.
363 1020 427 1085 529
453 1019 646 1104 Gomperz.):

628 1126 723 1204 ἄντες
746 1127 831 1211 ὀλύμ

628 1234 835 1318 δωμνχοννες

628 1365 667 1406 ον
691 1340 862 1426 ε’δοορησοιν

629 1447 748 1532 δρώσιν
772 1446 872 1532 ἐσομέ

673 1578 715 1618 ιν.

155 1681 221 1747 Ubi
252 1685 302 1745 est
332 1684 497 1759 exaratum
527 1701 633 1743 errore
662 1680 870 1764 δωμαχοντες
893 1701 951 1762 pro
976 1677 1097 1764 δώματ’
1127 1683 1260 1764 ἔχοντες
1282 1703 1331 1744 ne-

160 1812 221 1872 que
244 1788 369 1853 videtur
393 1810 462 1850 esse
481 1786 643 1851 codicibus
662 1784 832 1849 Hesiodeis
852 1790 884 1849 et
903 1785 1036 1871 Origine
1055 1787 1329 1852 consentientibus

156 1896 245 1959 varia
268 1895 363 1959 lectio
387 1894 466 1957 illud
495 1893 657 1979 ἀνδράσιν
681 1892 951 1977 ἐσ[σ]ομε’νοισιν,
984 1894 1039 1957 sed
1072 1894 1188 1958 tritum
1222 1917 1330 1960 versus

156 2002 253 2065 finem
282 2002 437 2085 scriptum
465 2023 534 2064 esse
559 2000 692 2064 dixerim
721 2023 740 2063 a
767 1998 955 2064 Philodemo
988 2001 1161 2065 memoriae
1190 2004 1330 2066 securius

157 2109 278 2172 confiso
310 2130 369 2190 pro
402 2107 536 2190 rariore,
568 2107 623 2190 qui
654 2107 738 2190 apud
764 2105 941 2170 Hesiodum
968 2107 1089 2192 legitur
1117 2107 1241 2194 Theog.
1261 2109 1330 2194 512,

159 2212 244 2278 Scut.
264 2215 316 2278 29.
340 2253 381 2259 —-
406 2213 446 2277 In
468 2237 563 2278 versu
583 2215 625 2278 82
650 2214 733 2297 apud
753 2212 923 2299 Origenem
943 2214 1063 2299 legitur
1082 2214 1330 2304 e'dopriouvso.¹)

247 2411 274 2478 2)
294 2407 376 2473 Quod
390 2408 482 2478 ipsum
495 2410 611 2477 propter
628 2411 749 2462 metrum
766 2407 919 2462 tribuerem
932 2407 1131 2478 neglegentiae
1145 2407 1267 2478 librarii,
1281 2409 1332 2464 nisi

159 2498 313 2552 adducerer
327 2497 445 2552 Tzetzae
460 2497 567 2551 scholio
582 2497 619 2550 ad
634 2496 803 2566 opinionem,
817 2496 903 2567 paulo
919 2514 1004 2565 quam
1017 2498 1137 2552 fortasse
1153 2499 1331 2554 audaciorem

158 2604 218 2641 esse
242 2587 302 2657 ipse
326 2588 456 2642 concedo.
502 2585 620 2656 Legitur
636 2605 663 2655 p.
680 2592 721 2642 97.
739 2593 783 2642 11:
814 2583 1000 2655 ἐδώρησαν·
1027 2584 1131 2656 Ἀττικὴ
1160 2589 1332 2658 ἀποκοπή,

159 2674 214 2730 κᾶν
233 2677 281 2730 καὶ
300 2685 381 2730 τοῦτο
397 2676 411 2730 ὁ
431 2672 584 2745 Πρόκλος
598 2673 724 2730 Ἰωνικὸν
742 2673 816 2748 λὲηη.
854 2676 931 2730 Haec
946 2692 1013 2729 sane
1028 2675 1146 2730 Tzetzae
1166 2677 1255 2733 verba
1270 2695 1332 2733 con-

157 2765 219 2819 fusa
243 2783 328 2834 quam
351 2764 472 2819 maxime
491 2767 564 2818 sunt.
606 2765 680 2818 Nam
698 2764 838 2834 scholion,
858 2765 934 2833 quod
953 2767 1188 2820 commemoratur
1206 2799 1242 2807 —
1262 2785 1332 2822 nunc

157 2871 223 2909 vero
242 2854 327 2923 periit
345 2871 397 2908 nec
416 2854 491 2923 apud
511 2853 581 2908 alios
602 2854 661 2907 eius
681 2854 747 2909 vola
765 2854 810 2908 vel
829 2853 981 2923 vestigium
996 2857 1163 2923 apparet-
1179 2859 1332 2928 estaperte

157 2943 358 3013 Choerobosci,
381 2961 438 2997 non
456 2942 560 3012 Procli,
579 2960 684 3012 neque,
704 2943 732 2996 id
753 2943 828 3012 quod
847 2943 1045 3013 gravissimum
1064 2947 1119 3015 est,
1138 2945 1170 2998 in
1190 2945 1333 3018 ἐδώρησαν

157 3035 200 3086 est
220 3031 360 3101 ἀποκοπή.
390 3033 428 3086 At
443 3032 609 3086 crediderim
624 3032 659 3087 de
674 3028 849 3101 ἐδωρήσανε’
866 3032 952 3086 fuisse
968 3031 1094 3087 scholion
1110 3036 1138 3087 et
1152 3033 1184 3087 in
1198 3051 1232 3090 eo
1247 3036 1332 3091 latere

161 3122 298 3192 optimam
325 3120 654 3192 praestantissimamque
681 3121 934 3176 Alexandrinorum
962 3121 1120 3176 doctrinam
1148 3140 1164 3178 e
1192 3125 1333 3180 veteribus

159 3210 273 3264 scholiis
292 3212 424 3265 haustam
443 3213 493 3264 aut
512 3228 545 3264 ex
564 3210 708 3280 Apollonii
727 3210 915 3265 Herodianive
929 3211 1002 3265 libro
1016 3229 1091 3266 nunc
1106 3212 1266 3286 deperdito,
1280 3233 1332 3284 quo

156 3299 239 3353 licuit
258 3300 451 3354 Choerobcsec
470 3300 520 3355 uti.
559 3300 636 3366 Quae
655 3301 762 3355 formae
781 3299 952 3369 ἐδωρήσαντ’
975 3318 1098 3371 apocope
1121 3304 1218 3357 utrum
1239 3305 1333 3359 Attica

158 3405 194 3441 an
212 3387 307 3442 Ionica
337 3406 373 3442 an
396 3389 512 3443 Aeolica
536 3389 586 3458 sit,
610 3407 683 3443 nunc
706 3389 820 3444 mittam
843 3407 984 3458 quaerere.
1021 3390 1063 3444 Re
1082 3393 1178 3446 autern
1197 3411 1256 3449 non
1275 3412 1333 3464 per·

157 3480 254 3548 specta
283 3476 355 3531 abiit
384 3477 554 3546 ἐδωρήσονν’
575 3479 605 3532 in
635 3478 810 3548 ἐδωρήσαντο
840 3479 915 3549 apud
943 3479 1104 3550 Origenem‚
1133 3479 1164 3534 in
1190 3481 1334 3554 ἐδώρησαν

158 3567 234 3637 apud
261 3567 401 3621 Tzetzam.
432 3598 463 3606 -
490 3567 582 3635 Atque
606 3567 643 3622 ad
667 3585 725 3622 rem
748 3568 914 3622 firmandam
937 3568 1008 3622 haec
1032 3568 1176 3623 sufficiant
1199 3571 1333 3627 hocloco

155 3674 256 3726 pauca.
277 3656 450 3727 (Uberiorem
466 3656 567 3710 dehac
586 3673 615 3710 re
635 3656 856 3726 disputationem
875 3660 906 3711 ut
925 3657 1114 3712 conscriberet
1132 3662 1233 3715 auctor
1252 3662 1332 3716 huius

156 3745 377 3815 dissertationis,
401 3763 457 3800 non
480 3745 587 3799 factum
606 3748 649 3800 est
668 3747 786 3800 adversa
805 3747 937 3816 fortuna.)
971 3745 1124 3818 Ἀποκοπῆς
1142 3747 1221 3804 illius
1242 3752 1288 3805 cui
1305 3752 1333 3806 in

155 3835 254 3904 lingua
272 3834 366 3905 prisca
383 3834 486 3889 Latina
506 3837 534 3889 et
554 3835 617 3889 aliis
637 3835 742 3905 linguis
762 3835 830 3890 satis
851 3836 975 3907 amplum
994 3836 1081 3891 fuisse
1104 3836 1199 3892 locum
1223 3844 1333 3896 constat

156 3923 306 3977 Ritschelii
334 3927 363 3978 et
380 3922 509 3978 Whitnei
534 3922 647 3993 studiis,
667 3923 697 3977 in
715 3942 815 3994 graeco
836 3942 962 3981 sermone
980 3944 1037 3981 non
1056 3929 1099 3980 est
1122 3944 1190 3981 usus
1210 3930 1333 4000 exceptis

156 4011 412 4082 praepositionibus
443 4016 472 4067 et
501 4013 599 4083 paucis
631 4013 694 4067 aliis
719 4015 871 4070 vocabulis.
920 4015 970 4086 (cf.
994 4016 1164 4070 Ahrensium
1193 4018 1334 4088 „Dialri

157 4120 184 4171 p.
200 4107 251 4156 212
263 4119 311 4170 sq„
333 4108 382 4156 149
394 4121 443 4172 sq.‚
462 4103 567 4172 113533
587 4102 749 4158 Meisterum
769 4103 878 4173 „Dialf‘
897 4106 910 4159 Ι
929 4111 1040 4175 283sq.‚
1059 4105 1085 4159 Π
1101 4111 1151 4160 117
1164 4125 1240 4178 sqq.;
1269 4108 1333 4164 Ger·

155 4189 248 4243 thium
275 4189 306 4242 in
334 4189 423 4244 Curtii
451 4192 546 4261 „Stud
572 4210 594 4246 z.
620 4211 660 4261 gr.
685 4211 711 4247 u.
735 4192 785 4247 lat.
810 4193 905 4248 Gr.“I
931 4201 959 4264 2,
980 4199 1096 4264 248sq.;
1126 4195 1161 4249 de
1190 4196 1332 4269 κάμμορος

157 4279 267 4332 Homer.
287 4279 317 4330 et
334 4277 469 4346 Hesychii
491 4280 615 4350 glossam
634 4283 663 4334 et
681 4281 725 4335 W.
746 4280 906 4335 Schulzium
923 4282 954 4336 in
972 4283 1070 4337 Kuhns
1089 4283 1225 4343 Zeitschr.
1246 4287 1331 4342 XXIX

95 4424 100 4431 ,
158 4386 185 4436 p.
202 4371 271 4436 262).
319 4367 470 4436 Amplioris
498 4369 645 4440 ἀποκοπῆς
672 4388 738 4423 usus
766 4388 823 4424 non
847 4374 912 4426 suut
935 4371 1057 4443 vestigia
1080 4372 1135 4426 nisi
1160 4373 1191 4428 ἔν
1213 4394 1266 4445 pro
1292 4376 1331 4430 ἔνι

157 4459 201 4524 (=
214 4455 312 4527 ἔνεστι)
332 4460 357 4511 Ε
372 4462 432 4527 740,
452 4460 544 4527 δ358,
565 4464 648 4528 ι134,
660 4466 720 4527 136,
743 4465 837 4529 η129,
860 4467 949 4530 vlle,
966 4466 1016 4515 175
1036 4464 1097 4532 eta,
1117 4462 1152 4533 νὴ
1173 4460 1209 4517 Δί
1228 4482 1279 4534 pro
1297 4465 1329 4534 νὴ
