2970 4980
622 277 736 333 Scholia
754 277 854 334 Procli.
1282 280 1324 345 57

153 446 381 528 στοιχείοις.
406 480 447 488 -
471 441 572 508 Porro
600 442 635 506 in
658 464 753 507 versu
777 440 819 506 65
843 442 1081 527 interpretando
1105 448 1326 528 exspectamus

152 551 247 636 plura
269 550 355 634 apud
371 549 522 614 Proclum
545 549 583 614 de
605 570 682 614 voce
704 553 825 626 πόθοςε
848 549 904 613 ille
927 553 1034 614 tamen
1056 572 1159 635 neque
1177 551 1213 614 in
1229 551 1326 616 huius

152 657 217 723 loci
245 656 368 722 scholio
391 679 421 740 p.
442 656 499 742 88,
514 657 623 720 9-16
651 678 754 741 neque
782 656 817 720 in
845 655 968 721 scholio
992 657 1033 721 ad
1054 658 1144 722 169
1168 657 1203 722 in
1224 681 1255 742 p.
1275 660 1327 745 89,

154 764 284 828 11-21
300 763 339 827 de
351 763 411 827 1111
424 785 459 827 11
474 763 653 847 quicquam.
682 760 804 828 Contra
818 762 1049 847 Moschopulus
1064 768 1326 848 praetermorem

153 871 189 935 in
211 869 447 956 philosophicis
471 869 746 954 disputationibus
769 874 931 950 versatur,
955 893 985 954 p.
1005 871 1058 956 89,
1072 871 1191 937 3-12.
1235 871 1327 937 Unde
1368 892 1369 895 ’

151 978 232 1042 haec
259 977 477 1063 exscripserit,
510 998 604 1041 nemo
635 977 806 1042 dubitabit.
852 976 917 1042 Res
946 977 1114 1042 conficitur
1141 979 1326 1045 testimonio

152 1084 262 1168 Etym.
285 1083 398 1170 Magni
421 1107 451 1167 p.
471 1083 551 1170 457,
567 1084 601 1170 7,
624 1084 715 1148 cuius
739 1106 821 1168 quae
844 1087 930 1170 sunt,
953 1084 1061 1149 omnia
1082 1085 1146 1150 huc
1168 1087 1328 1171 pertinere

153 1192 259 1256 elucet
290 1213 327 1255 ex
359 1190 553 1255 lectionibus
586 1191 703 1255 codicis
731 1190 900 1278 Vossiani,
931 1191 988 1276 qui
1015 1212 1088 1255 cum
1115 1192 1327 1278 Moschopulo

153 1299 315 1364 consentit
343 1298 378 1362 in
405 1296 564 1362 afferendo
592 1296 739 1362 Platonis
769 1297 840 1363 loco
870 1295 1005 1385 (Oratyl.
1029 1296 1142 1386 4191).
1187 1297 1251 1364 Sed
1277 1304 1327 1365 est

153 1405 349 1471 monendum
372 1405 432 1469 sub
455 1405 553 1470 finem
576 1405 692 1489 capitis
715 1405 903 1490 promittere
926 1408 1088 1470 auctorem
1107 1406 1328 1493 Etymologici

154 1513 396 1598 disputaturum
415 1534 449 1576 se
467 1513 518 1578 vel
536 1512 751 1596 disputavisse
765 1512 828 1576 iam
844 1512 882 1575 de
896 1511 1084 1599 differentia,
1103 1534 1185 1596 quae
1198 1514 1328 1578 intersit

153 1621 239 1684 inter
261 1620 417 1684 vocabula
438 1620 531 1704 ὀργή,
555 1629 662 1704 μῆνις,
685 1622 791 1703 κότος,
818 1622 924 1702 χόλος,
947 1622 1066 1703 θυμός.
1102 1618 1190 1685 Haec
1207 1621 1258 1685 vel
1275 1621 1327 1686 his

154 1727 320 1792 simillima
338 1726 422 1811 apud
435 1724 586 1791 Proclum
605 1726 704 1790 fuisse
722 1725 798 1790 licet
817 1747 855 1790 ex
876 1724 1068 1811 quibusdam
1088 1727 1219 1792 scholiis
1241 1728 1328 1793 colli-

154 1855 242 1920 gere;
273 1834 311 1898 cf.
335 1832 501 1918 Moschcp.
526 1833 565 1897 ad
587 1833 695 1918 ipsum
718 1822 847 1898 versum
870 1836 902 1897 et
924 1856 954 1917 p.
975 1834 1163 1918 98,1-10.
1209 1834 1328 1900 Memo-

153 1940 257 2005 rabile
280 1944 389 2005 tamen
412 1945 470 2027 est,
494 1940 581 2025 quod
604 1940 725 2026 relegat
748 1939 803 2004 ille
827 1940 867 2004 ad
890 1939 987 2027 aliud,
1009 1939 1068 2005 ita:
1093 1942 1178 2024 ζήτει
1202 1944 1329 2020 εἰςτὰς

154 2047 371 2134 Διαφοράς.
418 2046 505 2123 Quae
537 2048 635 2112 verba
667 2048 793 2131 saepius
825 2047 860 2112 in
893 2047 992 2112 simili
1024 2051 1212 2133 argumento
1245 2049 1329 2133 apud

153 2154 389 2240 Etymologum
415 2155 631 2220 inveniuntur.
677 2152 754 2219 Fuit
776 2155 878 2238 igitur
899 2154 983 2218 liber
1005 2154 1043 2218 de
1066 2154 1328 2220 distinctionibus

153 2261 425 2345 homonymorum
448 2265 480 2325 et
503 2283 765 2348 synonymorum,
789 2265 964 2347 Διαφοραί
983 2261 1168 2347 inscriptus,
1189 2261 1274 2326 unde
1294 2263 1330 2327 in

153 2369 300 2454 pleniora
327 2367 522 2453 exemplaria
544 2367 847 2453 Etymologicorum
874 2368 996 2452 passim
1024 2368 1180 2432 nonnulla
1201 2373 1329 2453 recepta

155 2479 240 2541 sunt.
286 2474 338 2539 Ad
364 2497 494 2540 versum
517 2475 559 2538 69
588 2474 694 2539 Procli
722 2474 956 2558 disputationes
986 2474 1019 2538 in
1045 2474 1107 2540 hoc
1129 2474 1214 2539 libro
1238 2480 1329 2541 erant
1407 2517 1412 2525 -

155 2583 348 2667 exscriptae:
371 2604 447 2647 casu
471 2582 555 2646 enim
579 2585 685 2646 exstat
707 2581 797 2646 illius
819 2582 1037 2667 fragmentum
1059 2583 1094 2646 in
1115 2582 1259 2666 pleniore
1278 2606 1329 2647 ex-

155 2693 265 2775 cerpto
294 2689 401 2773 Etym.
430 2687 569 2753 Gudiani
598 2713 628 2773 p.
647 2690 723 2775 266,
743 2688 795 2753 56.
841 2687 946 2752 Procli
979 2710 1048 2753 esse
1079 2689 1177 2753 verba
1207 2690 1259 2753 vel
1290 2711 1329 2753 11

155 2797 251 2862 initio
279 2795 506 2881 Moschopulei
534 2796 649 2861 scholii
675 2799 815 2880 apparet.
861 2794 988 2860 Veteris
1012 2799 1119 2860 autem
1142 2796 1329 2879 interpretis

156 2903 303 2968 doctrina
334 2903 373 2967 de
406 2903 514 2968 eadem
543 2926 578 2968 11
610 2903 738 2968 aliunde
769 2902 886 2967 hausta
918 2905 951 2966 et
983 2903 1189 2987 grammatica
1219 2902 1329 2987 potius

158 3033 256 3095 quam
283 3009 508 3094 philosophice
534 3010 681 3095 exposita
713 3012 900 3074 conservata
935 3013 984 3073 est
1018 3009 1058 3073 ab
1086 3009 1262 3074 Eustathio
1290 3010 1330 3074 ad

156 3116 289 3182 Iliadem
307 3116 324 3181 l
342 3141 374 3201 p.
393 3117 423 3204 8,
437 3117 579 3203 20-33,
602 3117 659 3182 ubi
677 3139 790 3181 rursus
809 3115 926 3181 indicio
947 3118 1023 3180 sunt
1040 3117 1145 3200 prima
1163 3116 1330 3181 Eustathii

156 3224 263 3290 verba.
300 3223 480 3289 Eximenda
503 3228 612 3289 autem
636 3228 712 3289 sunt
735 3246 752 3287 e
775 3223 898 3289 scholio
921 3222 1099 3311 Procliano,
1123 3245 1204 3307 quae
1226 3248 1258 3309 p.
1278 3227 1330 3310 88,
1413 3281 1416 3287 .

158 3333 289 3397 14-16
317 3332 355 3395 de
383 3331 566 3417 significatu
594 3334 792 3417 γυιοκόρους
819 3334 961 3394 exstant:
989 3330 1200 3415 grammatico
1229 3331 1330 3396 veteri

157 3439 234 3504 haec
256 3438 421 3504 vindicant
443 3439 558 3524 ipsius,
581 3459 662 3522 quae
686 3438 798 3502 statim
822 3438 882 3501 sub
906 3439 1014 3515 ἄλλως
1036 3440 1223 3524 sequuntur,
1245 3437 1330 3500 inter

159 3568 238 3631 quae
275 3565 368 3631 aegre
404 3545 654 3609 desiderabimus
691 3544 778 3628 quod
813 3544 867 3609 hic
897 3544 1031 3630 legitur,
1070 3545 1097 3609 si
1129 3543 1224 3609 modo
1258 3565 1331 3607 cum

158 3651 393 3737 Etymologicis
417 3652 481 3716 ista
503 3652 805 3737 comparaverimus.
846 3650 960 3735 Neque
977 3655 1033 3715 111
1057 3651 1188 3716 omnino
1211 3650 1247 3713 in
1268 3649 1330 3714 hoc

159 3780 274 3844 genere
293 3758 492 3842 quaestionis
511 3757 618 3823 Procli
635 3758 715 3822 laus.
735 3797 773 3805 -
789 3756 1003 3843 Pergentibus
1021 3757 1126 3844 nobis,
1144 3778 1225 3841 quae
1244 3755 1331 3841 apud

158 3869 297 3930 veterem
325 3865 572 3951 grammaticum
599 3865 781 3930 invenimus
809 3865 848 3929 de
870 3864 1000 3929 nomine
1022 3863 1175 3928 Mercurii
1198 3863 1331 3949 eiusque

160 3972 419 4058 cognominibus,
451 3973 491 4036 ab
521 3972 573 4036 his
604 3973 742 4037 multum
771 3971 897 4036 differre
925 3975 1059 4056 apparet
1087 3971 1143 4035 illa
1170 3993 1188 4034 a
1215 3970 1331 4034 Tzetna

160 4082 285 4145 servata
308 4102 339 4163 p.
360 4080 531 4164 92,1-3.
577 4077 664 4154 Quae
692 4079 760 4143 eius
784 4078 918 4163 propria
939 4100 1007 4142 non
1029 4100 1099 4143 esse
1122 4099 1194 4142 curn
1218 4078 1269 4142 vel
1292 4099 1330 4141 ex

161 4185 370 4251 similitudine
384 4185 633 4271 Moschopuleae
652 4185 816 4250 doctrinae
834 4184 902 4250 veri
921 4185 964 4249 sit
979 4184 1084 4249 simile
1099 4208 1129 4270 p.
1145 4185 1197 4271 92,
1212 4185 1331 4270 9-19,

160 4290 271 4359 Proclo
295 4292 469 4357 tribuimus
492 4296 626 4378 propter
648 4291 787 4377 vestigia
805 4289 932 4356 Stoicae
951 4291 1172 4377 etymologiae.
1208 4289 1330 4354 Eadem

162 4405 208 4466 est
239 4422 291 4464 res
323 4400 358 4464 in
390 4400 453 4485 eis,
486 4421 567 4484 quae
599 4399 763 4484 pertinent
797 4397 837 4462 ad
867 4420 896 4462 v.
921 4397 1061 4463 73-76.
1112 4394 1198 4463 Satis
1231 4396 1329 4466 exiles
