2970 4980
212 315 274 380 138
404 314 557 371 Aristonici
575 315 639 384 περὶ
659 311 779 386 σημείων
796 321 847 369 τοῦ
869 311 994 371 Hostiae
1012 313 1180 386 fragmenta.

211 481 331 568 δρόμῳ.
377 479 524 565 Reliqua,
542 500 623 563 quae
643 481 822 562 sequuntur
835 501 864 562 p.
881 477 955 564 313,
970 478 1023 565 32,
1035 479 1137 563 ipsius
1153 482 1230 543 sunt
1244 476 1385 544 Choero-

209 587 306 651 bosci.
335 625 378 632 -
405 584 457 650 Ad
485 610 512 651 v.
537 585 602 650 538
635 587 735 670 διπλῇ
765 584 972 650 Aristarchea
1005 585 1083 650 duas
1113 607 1164 650 res
1197 586 1385 672 designatas

210 695 310 759 fuisse
319 691 524 759 Aristonicus
540 692 646 758 docet:
662 693 711 758 ὅτι
722 690 878 768 Ἡσίοδος
891 692 953 774 την
968 695 1091 778 κρόκην
1103 695 1206 778 κρόκα
1221 688 1326 778 εἶπεν,
1340 694 1387 772 ὡς

201 800 345 886 Ὅμηρος
363 801 424 884 την
443 801 546 884 ίωκην
560 803 652 884 ldae,
672 822 752 884 quae
764 800 861 863 verba
874 799 949 864 licet
963 800 1131 864 restituere
1146 798 1199 887 (cf.
1213 799 1386 867 Flachium

209 933 239 993 p.
254 906 335 995 439)
358 929 375 971 e
399 906 522 972 scholio
546 907 585 971 ad
605 913 635 971 A
650 907 713 971 601
740 906 776 972 el.
796 906 903 991 Etym.
923 907 1029 993 Magn.
1049 930 1080 991 p.
1099 908 1174 992 481,
1188 908 1241 993 28,
1264 913 1311 973 et:
1334 909 1387 974 ὅτι

209 1016 344 1101 μήρυμκ
362 1016 486 1099 κυρίως
504 1016 540 1079 τὸ
560 1013 757 1098 ξαινόμενον
775 1016 881 1099 ἔριον·
905 1014 970 1080 νῦν
989 1010 1026 1080 di
1044 1014 1265 1099 πεποιημένον
1280 1011 1387 1099 εἶπεν,

209 1122 369 1188 restitutis
396 1121 503 1186 verbis
530 1143 547 1185 e
575 1121 699 1185 scholio
727 1118 944 1185 Choerobosoi
971 1144 1001 1204 p.
1021 1121 1096 1206 321,
1116 1120 1172 1205 25,
1195 1122 1232 1186 cl.
1257 1122 1386 1188 scholio

210 1230 251 1295 ad
273 1229 385 1315 μ170,
407 1227 582 1293 Eustathio
607 1227 647 1292 ad
670 1227 804 1292 eundem
828 1250 966 1315 versum,
987 1227 1096 1312 Etym.
1120 1228 1239 1314 Magno
1260 1253 1293 1314 p.
1308 1228 1388 1315 584,

209 1337 260 1401 40.
281 1376 323 1384 -
338 1334 474 1424 Signum
492 1335 591 1399 fuisse
610 1335 707 1400 etiam
727 1334 808 1399 adv.
824 1335 890 1399 614
903 1335 1047 1400 videmus
1068 1357 1085 1400 e
1104 1335 1228 1401 scholio
1243 1334 1389 1402 Choero-

208 1444 297 1510 bosci
325 1467 355 1528 p.
377 1443 452 1530 354,
471 1442 527 1526 28,
564 1465 628 1527 quo
661 1443 812 1507 monebat
844 1442 1054 1507 Aristarchus
1086 1444 1171 1527 apud
1202 1443 1389 1510 Homerum

210 1550 278 1615 vini
301 1551 519 1615 inventionem
542 1572 607 1615 non
636 1549 737 1613 tribui
764 1549 898 1615 Bacche.
944 1547 1084 1615 Disertis
1112 1550 1218 1615 verbis
1246 1551 1312 1616 hoc
1336 1557 1389 1617 est

210 1658 331 1723 dietum
363 1658 398 1720 in
430 1657 552 1722 scholio
581 1657 620 1720 ad
648 1654 784 1744 ι1981).
837 1656 909 1721 Hoc
934 1657 1115 1742 fragmento
1143 1657 1389 1724 demonstratur

210 1766 249 1830 ab
269 1764 460 1829 Aristarcho
480 1764 650 1851 diligenter
667 1764 880 1848 perquisitam
899 1786 967 1828 esse
985 1764 1192 1849 theogeniam
1211 1765 1389 1852 utriusque

209 1876 338 1959 poetae,
367 1893 430 1955 qua
457 1893 492 1935 re
517 1874 683 1955 perspecta
710 1871 745 1934 in
772 1871 959 1956 colligendis
987 1870 1281 1937 Alexandrinorum
1312 1874 1389 1939 reli·
1457 1949 1461 1960 Ι

210 1979 308 2063 quiis,
335 2000 416 2062 quae
445 1982 573 2042 exstant
602 1978 636 2041 in
664 1977 793 2043 scholiis
818 1978 1035 2064 Theogionae‚
1064 2001 1188 2044 summo
1216 1980 1289 2044 iure
1316 1987 1389 2047 ute-

208 2085 304 2150 batur
335 2084 494 2150 Flachius.
528 2124 570 2131 -
602 2085 653 2149 Ad
685 2109 712 2149 v.
738 2085 801 2151 628
835 2087 1005 2150 coniuncta
1034 2091 1110 2151 sunt
1138 2086 1321 2152 arctissime
1351 2089 1390 2153 in

208 2192 331 2257 scholio
366 2191 581 2258 Choerobosci
608 2216 638 2276 p.
658 2191 770 2280 359,9
804 2215 853 2276 ea,
887 2215 967 2278 quae
998 2191 1183 2259 Aristonico
1216 2199 1295 2258 sunt
1328 2196 1389 2260 tri-

208 2300 347 2386 buenda,
375 2322 447 2365 eum
474 2301 576 2384 ipsius
603 2298 820 2365 Choerobosei
847 2300 1126 2388 interpretatione,
1159 2323 1222 2385 qua
1252 2323 1290 2366 re
1318 2325 1388 2368 non

208 2411 373 2493 perspecta
401 2411 434 2473 et
461 2430 534 2473 curn
562 2408 726 2493 ignoraret
754 2407 903 2472 Flachius
930 2408 992 2472 hoc
1024 2408 1182 2473 scholium
1209 2407 1389 2494 Proelique

208 2515 288 2580 illud
311 2515 351 2580 ad
373 2537 402 2580 v.
421 2515 464 2579 45
486 2537 554 2580 non
581 2536 650 2579 esse
673 2514 815 2579 eiusdem
838 2515 992 2598 auctoris,
1019 2514 1114 2599 plane
1138 2515 1323 2600 desperavit
1347 2519 1389 2583 de

207 2625 279 2686 toto
311 2622 390 2686 loco.
417 2621 505 2703 ⁴Res
538 2626 588 2686 est
619 2622 667 2685 ita
694 2620 898 2686 instituenda.
950 2619 1193 2688 Choeroboscus
1221 2645 1298 2688 eum
1321 2624 1390 2690 hoc

207 2728 278 2793 loco
303 2729 477 2793 invenisset
505 2729 540 2792 in
568 2728 699 2793 scholiis
727 2728 907 2793 veterrimis
935 2728 1026 2794 haec:
1057 2741 1203 2816 σημεῖον,
1226 2729 1279 2795 ὅτι
1304 2731 1389 2797 ἀνα-

207 2835 342 2922 φέρεται
365 2839 448 2922 πρὸς
470 2837 507 2900 τὸ
531 2837 615 2918 ἅνω,
638 2839 728 2899 ratus
751 2834 813 2899 hoc
837 2835 929 2921 signo
952 2826 1081 2901 versum
1104 2836 1203 2902 deleri
1226 2833 1311 2924 (non
1334 2844 1390 2905 est

169 2995 171 3000 .
207 2947 315 3007 tamen
345 2943 410 3008 nisi
438 2945 538 3026 δικλῆ
565 2946 698 3026 propter
725 2940 937 3029 καλιλομίαν)
965 2943 1077 3043 attulit
1104 2966 1162 3008 sua
1188 2965 1227 3007 ex
1259 2950 1388 3013 mente:

207 3049 290 3116 ἀλλὰ
319 3050 614 3116 insenescentem
643 3053 808 3134 σημαίνει,
839 3049 873 3113 id
902 3050 987 3134 quod
1014 3050 1112 3115 etiam
1140 3051 1288 3136 exemplo
1317 3053 1389 3118 Ho-

209 3157 327 3222 merico
346 3158 454 3223 3399
478 3156 627 3221 studebat
650 3156 866 3242 comprobare.
912 3155 1025 3242 Neque
1042 3179 1192 3242 „prorsus
1211 3160 1389 3242 perversa“

208 3266 257 3326 est
280 3263 374 3348 ratio,
395 3266 433 3326 ut
451 3266 547 3347 putat
565 3261 729 3348 Flachius3
753 3286 850 3347 quam
868 3264 995 3328 etiamsi
1013 3264 1154 3349 accipere
1172 3263 1285 3349 nolim,
1306 3267 1388 3351 quia

206 3367 330 3432 nullam
356 3368 448 3433 video
476 3391 604 3433 causam
632 3369 741 3434 eadem
776 3370 873 3434 verba
905 3369 1066 3434 similibus
1098 3370 1178 3436 locis
1210 3370 1314 3436 alium
1350 3373 1389 3438 in

207 3473 338 3539 modum
365 3475 609 3559 interpretandi,
643 3479 752 3541 tamen
777 3498 881 3560 neque
909 3476 1046 3541 alienam
1074 3498 1142 3542 eam
1171 3499 1239 3542 esse
1269 3501 1290 3543 a
1313 3501 1387 3545 sen-

207 3580 381 3645 tentiarum
410 3582 517 3665 priore
542 3581 613 3646 loco
641 3604 762 3646 conexu
787 3584 970 3668 optimeque
992 3584 1114 3649 firmari
1137 3583 1236 3649 allato
1260 3583 1387 3652 Home-

205 3688 272 3753 rico
301 3686 478 3776 exemplo²)
511 3711 578 3752 non
605 3688 818 3754 dubitaverim
845 3691 1041 3756 contendere.
1097 3690 1166 3766 Qua
1192 3714 1227 3756 re
1251 3693 1387 3760 demon-

207 3798 328 3859 stratur
360 3793 584 3861 Ohoerobosoo
616 3816 657 3860 ne
688 3795 777 3860 locos
808 3796 952 3881 poeticos
985 3798 1114 3883 quidem
1145 3798 1388 3882 interpretandi

207 3900 348 3984 aliquam
390 3901 517 3968 laudem
559 3924 628 3966 esse
667 3903 892 3988 denegandam.
961 3903 1075 3990 Neque
1098 3904 1261 3990 [perverse
1303 3907 1388 3975 haec

296 4187 322 4255 1)
340 4183 447 4238 Memor
475 4183 512 4237 sis
541 4184 745 4240 emendationis
772 4185 969 4241 Lobeclrianae
996 4186 1027 4240 in
1049 4186 1245 4259 Aglaophamo
1270 4207 1299 4259 p.
1320 4195 1386 4247 28⁷.

206 4275 338 4332 Conferas
356 4272 503 4328 Lehrsium
521 4274 574 4344 „de
593 4274 678 4330 Arist.
698 4275 772 4332 stud.
790 4274 890 4329 Hom.“
909 4294 935 4345 p.
952 4280 1011 4331 18³.

296 4367 322 4435 a)
343 4362 475 4419 conferas
498 4362 585 4418 eciam
603 4363 785 4419 Eustachium
803 4364 840 4418 ad
858 4363 939 4418 nisu.
958 4383 985 4436 p.
1001 4371 1062 4435 arc,
1077 4372 1102 4435 s,
1128 4371 1187 4435 rso,
1204 4372 1246 4436 ιν,
1273 4351 1384 4439 avv,1;

206 4454 298 4524 Etym.
318 4453 412 4524 Magn.
428 4458 489 4525 409,
504 4459 552 4526 555
570 4453 741 4524 Hesychium
760 4471 780 4510 s.
800 4472 825 4509 v.
844 4451 948 4521 κακνίζ
971 4497 976 4510 .
