2970 4980
583 275 625 331 De
643 274 735 330 Procli
752 273 873 331 scholiis.
1276 276 1317 340 15

144 440 308 526 Planudis,
331 461 412 523 quae
435 438 539 503 iacent
562 437 665 503 adhuc
688 438 809 503 inedita
832 439 866 502 in
884 437 990 503 codice
1008 435 1223 521 Neapolitano
1245 437 1316 505 165.

146 547 199 612 Ad
216 547 294 611 Dies
317 545 512 630 peculiarem
535 545 665 629 scripsit
688 545 849 632 exegesim
867 544 1034 628 physicam
1053 543 1187 609 loannes
1205 544 1319 610 Proto-

148 653 347 740 spatharius‚
383 675 481 735 quam
513 656 545 717 et
577 652 682 735 ipsam
713 651 856 715 invenies
887 650 923 714 in
954 650 1149 715 scholiorum
1179 652 1318 717 editione

147 759 378 825 Gaisfordiana.
425 756 508 823 Sunt
536 762 701 842 praeterea
731 757 887 842 quaedam
915 757 1037 822 scholia
1063 757 1098 821 in
1125 756 1315 822 Hesiodeam

146 868 184 932 de
207 866 356 932 Pandora
383 865 526 930 fabulam
554 865 590 928 in
612 865 719 930 codice
741 862 903 928 Parisino:
936 866 984 941 εἰς
1010 865 1047 929 τὸ
1075 861 1151 947 παρ’
1174 862 1317 953 Ἡσιόδῳ

146 970 272 1040 κλαπὲν
299 983 365 1059 πῦρ
394 973 459 1038 ὑπὸ
487 970 696 1057 Προμηθέως
723 967 777 1034 καλ
806 972 854 1047 εἰς
880 971 941 1054 την
969 970 1209 1036 ἀποσταλεῖσαν
1233 969 1319 1036 Ἐπι-

147 1088 251 1166 parer
267 1080 459 1163 Πανδώραν
486 1081 519 1143 et
546 1079 653 1154 άλλως
680 1079 727 1154 εἰς
750 1079 786 1142 τὸ
811 1076 901 1142 αὐτό.
946 1075 1158 1163 „Fragmenta
1179 1077 1319 1142 fortasse

146 1188 234 1251 illius
258 1185 489 1268 commentarii,
513 1207 608 1268 quem
631 1183 859 1267 conscripsisse
877 1182 1082 1247 Proculeium
1101 1180 1218 1266 Syrum
1237 1183 1320 1246 dixit

148 1292 280 1358 suidas‘
312 1293 462 1357 credebat
489 1290 648 1355 Plachius.
657 1288 681 1378 1)
727 1289 773 1354 Ilt
805 1290 843 1354 dc
872 1290 923 1354 his
952 1289 1082 1355 scholiis
1110 1293 1143 1352 et
1170 1289 1208 1353 de
1236 1311 1319 1354 oom-

148 1399 306 1465 mentario
330 1397 591 1483 Protospatharii
613 1397 698 1461 infra
721 1401 815 1461 erunt
838 1396 994 1481 quaedam
1015 1396 1155 1460 dicenda.

235 1506 364 1571 Procli
398 1528 479 1589 quae
510 1526 596 1569 nunc
623 1505 771 1568 feruntur
798 1503 932 1588 scholia,
964 1525 1001 1567 ea
1028 1503 1083 1568 diu
1113 1504 1225 1588 ignota
1252 1505 1319 1568 fere

148 1617 348 1678 manserunt:
370 1635 447 1677 nam
471 1615 620 1694 excerpta
643 1614 770 1675 tantum
794 1632 904 1676 eorum
926 1610 962 1673 in
980 1609 1235 1675 'Princavelliana
1257 1612 1320 1676 cdi-

147 1719 236 1784 tione
264 1720 304 1784 ad
326 1718 532 1802 Moschopuli
560 1717 720 1803 exegesim
748 1720 839 1781 erant
864 1716 1031 1800 adscripta.
1077 1716 1207 1782 Primus
1231 1717 1320 1783 Gais-

147 1826 269 1891 fordius
297 1849 314 1890 s
336 1824 485 1890 Parisino
510 1822 535 1890 O
541 1877 550 1911 ,
579 1823 795 1910 Dorvillian0,
827 1823 899 1888 aliis
926 1822 1020 1887 libris
1048 1817 1097 1909 ea,
1127 1847 1209 1908 quae
1235 1847 1320 1890 nuno

148 1934 300 2020 legimus,
328 1933 450 2017 publici
472 1932 550 1996 fecit
572 1932 661 1996 iuris.
708 1928 827 1996 Statim
849 1931 1009 2016 Rankius,
1040 1931 1090 1995 vir
1114 1931 1319 1997 doctissimus

148 2037 370 2126 exclamavit²)
399 2043 506 2104 totum
528 2038 679 2103 Proclum
705 2061 765 2103 nos
789 2038 937 2102 manibus
961 2042 1082 2103 tenere:
1110 2038 1234 2102 cautior
1256 2038 1319 2103 fuit

149 2144 435 2234 Schoemannus³)‚
464 2146 519 2230 qui
542 2146 694 2210 Proclum
718 2168 846 2230 quoque
869 2168 1019 2210 mancum
1042 2167 1111 2209 esse
1135 2167 1172 2209 ea
1193 2145 1319 2210 ratione

149 2254 317 2319 ostendere
348 2253 507 2338 instituit,
539 2257 576 2317 ut
608 2253 843 2318 demonstraret
875 2252 959 2336 apud
985 2251 1134 2316 'l'zetzam
1163 2253 1320 2317 nonnulla

149 2361 209 2425 sub
236 2361 367 2426 nomine
389 2359 497 2425 Procli
520 2359 599 2444 legi,
623 2382 704 2444 quae
727 2360 761 2424 in
784 2360 863 2444 ipsis
888 2358 1018 2423 scholiis
1041 2357 1218 2423 Proclianis
1241 2359 1321 2424 desi-

148 2467 343 2532 derarentur.
380 2466 451 2530 Hac
468 2466 534 2551 via,
554 2488 650 2549 quam
667 2464 907 2530 Schoemannus
927 2464 1091 2529 incohavit
1105 2465 1208 2550 magis
1223 2487 1319 2550 quam

148 2573 303 2659 absolvit,
329 2594 518 2658 progressus
545 2576 594 2637 est
618 2572 731 2636 deinde
754 2568 963 2658 Usenerus4),
990 2594 1062 2636 cum
1086 2571 1320 2636 demonstraret

149 2800 199 2870 qui
222 2801 388 2870 subscripsit
411 2801 483 2855 libro
506 2800 613 2854 Matrit.
632 2800 732 2854 LXXV
755 2818 818 2856 ann.
840 2806 908 2854 1334
931 2800 974 2870 (V.
993 2800 1084 2856 iriart.
1103 2819 1130 2870 p.
1146 2802 1220 2870 272):
1243 2797 1320 2866 τέλος

149 2899 199 2945 τοῦ
226 2889 343 2960 doridos
372 2889 558 2960 ἐξηγηθέντος
585 2889 663 2958 παρὰ
690 2898 739 2944 τοῦ
768 2888 932 2960 σοφωτάτου
959 2890 1008 2944 nod
1030 2888 1199 2959 λογιωτάτου
1222 2887 1319 2959 κυρίου

148 2981 288 3048 Μαναυὴλ
306 2987 355 3034 τοῦ
375 2978 493 3048 Κρήτης.
529 2979 574 3032 lta
598 2978 684 3032 etiam
702 2978 736 3033 N.
756 2978 863 3032 Titzius
882 2978 913 3031 in
931 2977 1128 3032 dissertatione
1148 2995 1210 3048 sua,
1234 2996 1320 3047 quarn

149 3067 316 3137 conscripsit
339 3068 373 3121 de
393 3066 495 3121 studiis
513 3066 653 3120 Manuelis
673 3067 812 3122 Cretensis
832 3073 909 3123 1822.
946 3066 1090 3121 Librarius
1109 3070 1205 3122 autem
1221 3067 1320 3122 Tricli-

148 3155 228 3210 niani
253 3155 378 3211 codicem
400 3157 454 3211 hoc
477 3157 561 3210 modo
584 3156 688 3211 finivit:
712 3164 761 3211 τοῦ
784 3154 947 3226 σοφωτάτου
966 3157 1014 3211 καὶ
1032 3155 1202 3226 λογιωτάτου
1221 3160 1320 3229 κυρίου

150 3245 291 3314 Μανουὴλ
313 3253 363 3300 τοῦ
382 3245 589 3316 Μοσχοιτοάλου
612 3246 763 3314 ἀνεψιοῦ
782 3253 840 3299 τοῦ
859 3245 991 3314 Κρήτης
1011 3241 1144 3316 ἐξήγησις.
1183 3246 1245 3317 Sed,
1264 3247 1321 3301 nisi

149 3333 262 3403 egregie
280 3334 377 3403 fallor,
400 3337 517 3404 patruus
536 3333 585 3388 ille
603 3351 639 3388 ne
657 3334 784 3388 habebat
802 3334 916 3403 quidem
933 3350 1035 3388 nomen
1053 3334 1205 3403 Manuelis‚
1224 3352 1320 3390 verum

149 3421 313 3491 Nicephori:
333 3423 373 3477 cf.
392 3423 632 3477 Krumbacherum
649 3423 680 3476 in
693 3424 740 3478 lw,
755 3423 857 3476 Miiller
872 3423 1047 3492 „Handbuch
1065 3423 1115 3478 der
1133 3423 1213 3479 class.
1229 3424 1320 3479 Alter·

149 3510 423 3566 thumswissensch.“
437 3512 476 3564 IX
490 3517 555 3580 2513
582 3528 647 3581 ergo
666 3511 761 3581 potius
780 3512 841 3565 loco
862 3512 950 3566 altero
970 3512 1022 3565 sub
1040 3511 1091 3566 illa
1110 3512 1248 3582 singulari
1266 3513 1320 3582 By-

150 3599 265 3654 zantina
288 3600 379 3655 forma
393 3600 504 3669 Κρήτης
522 3599 648 3654 invenies
669 3600 789 3655 fortasse
805 3600 995 3671 Nicephorum
1012 3600 1227 3671 Moschopulum
1246 3600 1319 3655 Ore·

150 3690 281 3743 tensem
298 3688 477 3742 notissimum
495 3687 713 3757 metropolitam.
724 3689 882 3744 —Scholia
895 3689 1002 3759 primus
1017 3688 1108 3743 edidit
1117 3689 1320 3744 Trincavellius

150 3775 278 3831 Venetiis
294 3783 377 3846 1537,
401 3776 520 3830 Tzetzae
543 3777 683 3846 exegesim
701 3777 904 3832 Birehmannus
923 3777 1009 3832 Basil.
1025 3784 1108 3848 1542,
1131 3778 1260 3832 Proclum
1279 3795 1321 3833 se-

149 3864 273 3935 paratim
285 3864 466 3920 Vollbehn'us
485 3865 515 3918 in
530 3865 654 3921 editione
669 3866 790 3936 Operum
804 3865 961 3920 Kiloniensi
977 3872 1052 3920 1844.
1092 3866 1193 3922 Omnia
1212 3868 1320 3922 scholia

150 3952 297 4007 coniunxit
315 3952 499 4009 Gaisfordius.
536 3954 668 4009 Editione
687 3955 793 4009 utimur
811 3954 950 4024 Lipsiensi
964 3957 1063 4026 (1823).

241 4044 267 4111 1)
284 4041 383 4096 Edidit
396 4042 466 4097 haec
480 4043 639 4112 fragmenta
648 4043 681 4097 H.
692 4043 824 4098 Flachius
837 4043 868 4096 in
882 4043 954 4097 libro
969 4043 1105 4114 „Glossen
1117 4048 1175 4100 und
1190 4046 1320 4101 Scholion

149 4147 199 4183 zur
216 4129 412 4185 hesiodischen
430 4131 609 4203 Theogonie“
628 4132 742 4203 Lipsiae
761 4138 829 4186 1876
849 4133 893 4202 (ef.
914 4133 956 4187 ed.
977 4133 1097 4189 Goettl³
1114 4152 1141 4203 p.
1155 4134 1235 4204 LIX).

239 4220 267 4289 2)
285 4219 344 4288 „De
362 4220 479 4274 Hesiodi
498 4221 635 4291 Operibus
655 4225 684 4276 et
702 4221 808 4276 Diebus
827 4222 1045 4277 commentatio“
1065 4228 1134 4276 1838
1152 4241 1179 4292 p.
1198 4229 1283 4291 lsqq.

240 4310 266 4377 3)
285 4308 343 4378 „De
370 4312 497 4364 veterum
520 4310 681 4365 criticorum
703 4310 778 4365 notis
803 4311 840 4364 ad
862 4310 978 4364 Hesiodi
1003 4311 1053 4381 Op.
1078 4313 1107 4366 et
1129 4311 1181 4366 D.“
1219 4311 1318 4382 Opuse.

149 4396 236 4450 Acad.
255 4397 294 4450 HI
311 4404 346 4451 47
357 4416 416 4466 sqq.
507 4401 534 4470 4)
552 4399 651 4455 Rhein.
671 4400 741 4456 Mus.
761 4399 838 4453 XXII
855 4418 882 4469 p.
898 4406 950 4455 587
961 4418 1021 4470 sqq.
