2970 4980
223 1000 348 1066 Auetor
365 1001 461 1066 huius
480 1001 556 1066 libri
570 1000 673 1065 Milan
687 1001 725 1066 R.
737 1000 957 1085 Dimitrijevid
975 1004 1071 1065 natus
1089 998 1309 1087 est'Belgradi

135 1110 185 1173 die
214 1127 251 1173 1v
273 1131 372 1174 mens.
395 1107 487 1172 Febr.
512 1129 596 1172 anno
620 1107 651 1174 h.
671 1131 695 1172 s.
714 1106 843 1194 LXXV,
871 1107 953 1173 obiit
980 1111 1184 1192 praematura
1207 1113 1311 1173 morte

134 1217 262 1300 Lipsiae
293 1215 343 1280 die
373 1233 460 1279 xxix
488 1236 587 1279 mens.
618 1215 713 1280 Mart,
744 1237 827 1280 anno
858 1213 993 1294 XCVII,
1024 1214 1100 1278 dum
1131 1214 1165 1278 in
1195 1215 1310 1280 studiis

134 1321 332 1406 philologiae
351 1325 505 1407 versatur,
527 1322 673 1387 futurum
697 1321 850 1387 Sorabiae
873 1344 948 1387 suae
972 1322 1075 1386 decus.
1117 1319 1211 1398 Quod
1230 1344 1311 1406 opus

134 1428 266 1512 reliquit
303 1429 341 1492 de
377 1428 513 1493 Hesiodi
549 1427 709 1513 Operibus
745 1430 968 1515 imperfectum
1000 1428 1104 1514 magis
1137 1451 1233 1512 quam
1265 1429 1312 1493 in-

136 1535 286 1599 cohatum
314 1535 417 1619 pietas
440 1536 554 1600 matris
577 1536 682 1600 voluit
705 1541 829 1601 exstare
852 1558 912 1620 pro
935 1538 1144 1600 monumento
1168 1535 1243 1621 filii,
1270 1559 1310 1600 ne

136 1641 259 1706 deesset
287 1641 322 1706 in
349 1642 467 1708 litteris
495 1643 614 1708 nostris
643 1643 784 1727 optimae
812 1643 880 1727 spei
907 1642 1071 1707 memoria.
1117 1640 1179 1719 Qui
1210 1643 1311 1707 edidit

136 1771 175 1812 ex
212 1749 352 1835 schedis,
394 1749 566 1834 diligenter
597 1749 773 1834 perpolivit
814 1772 895 1841 quae
930 1749 1038 1813 minus
1074 1753 1160 1812 reete
1192 1750 1312 1834 scripta

135 1856 268 1941 invenit,
290 1856 469 1940 prolixiora
487 1857 656 1942 contraxit,
680 1855 876 1920 examinavit
899 1855 1085 1921 testimonia
1108 1855 1311 1938 citationum-

136 1986 197 2048 que
225 1984 393 2048 numeros,
425 1986 475 2028 res
502 1964 590 2048 ipsas
618 1968 651 2028 11
677 1965 867 2049 argumenta
893 1984 959 2027 non
987 1961 1111 2047 attigit,
1138 1962 1202 2027 1111
1230 1985 1311 2048 quae

134 2070 327 2134 videbantur
364 2071 542 2135 omittenda
578 2092 647 2136 1111
683 2071 724 2134 ab
761 2069 833 2155 ipso
869 2069 1037 2154 proposito
1069 2069 1166 2134 nimis
1199 2069 1310 2134 aliena.

136 2176 297 2252 Quaedam
320 2199 340 2240 a
361 2177 440 2242 viris
464 2178 567 2243 doctis
591 2178 629 2242 de
649 2179 760 2243 eodem
779 2182 968 2262 argumento
989 2176 1108 2261 scripta
1126 2177 1311 2263 neglexerat

135 2283 205 2368 ipse
229 2288 353 2369 auctor,
376 2283 441 2348 alia
463 2290 677 2371 aeoesserunt,
700 2287 874 2370 postquam
897 2283 1094 2347 interrivos
1118 2305 1188 2349 1111
1207 2284 1310 2348 desiit.

136 2390 235 2455 Cuius
258 2390 306 2455 rei
328 2395 365 2455 ut
387 2391 546 2457 rationem
568 2392 709 2456 habeant
728 2391 784 2477 qui
802 2394 939 2454 utuntur
956 2389 1008 2454 his
1027 2389 1138 2475 oopiiS,
1162 2395 1311 2474 optamus

135 2519 360 2584 rogamusque.

226 2603 375 2670 Ceterum
414 2605 519 2670 voluit
557 2610 669 2671 auetor
709 2629 834 2671 sacrum
874 2626 943 2670 esse
983 2605 1173 2690 opuseulum
1215 2627 1309 2669 suum

137 2715 170 2775 et
195 2711 420 2796 Lipsiensibus
449 2712 655 2801 quibusdam,
684 2735 821 2799 quorum
848 2712 1052 2777 institutione
1074 2734 1153 2776 usus
1177 2716 1255 2798 erat,
1278 2715 1310 2775 et

136 2816 291 2884 Iosnrno
318 2818 550 2884 Pononanaxr
578 2843 643 2885 una
669 2819 900 2885 1111111111
924 2820 1098 2885 Toronen
1121 2817 1199 2882 olim
1222 2840 1311 2902 pree-

136 2924 322 3009 eeptoribua
346 2925 422 2991 suis.

298 3145 448 3206 PRIMUS
463 3178 469 3191 ·
484 3147 746 3208 LITTERARUM
761 3179 767 3192 ·
781 3147 895 3208 Alton
910 3180 916 3191 ·
931 3148 1149 3209 DnonPrUM

539 3289 677 3350 MORTE
693 3320 700 3332 ·
714 3291 910 3349 FEFELLIT

504 3502 634 3561 HAVE
650 3535 656 3547 ·
671 3503 753 3562 PIA
768 3535 774 3547 ·
789 3504 950 3563 ANIMA
