2970 4980
444 305 486 360 De
505 309 629 360 veterum
649 306 817 361 scholiorum
836 308 957 361 auctore.
1227 309 1290 373 113

204 466 288 531 Miro
316 488 392 531 casu
419 467 540 532 factum
571 472 633 553 est,
660 473 697 533 ut
720 491 837 533 nomen
859 469 956 534 huius
978 469 1164 552 interpretis
1187 492 1289 554 usque

114 573 155 637 ad
182 573 244 638 hoc
271 577 399 657 tempus
429 573 524 658 plane
552 575 596 639 sit
625 576 782 661 ignotum.
831 575 894 640 Est
921 580 1028 640 autem
1056 577 1135 640 satis
1166 577 1289 642 celebre

113 703 231 745 nomen
267 678 425 746 Ioannis
463 679 733 746 Ohoerobosci.
795 679 895 747 Cuius
927 683 961 746 in
992 683 1150 747 librorum
1187 684 1289 748 indice

112 787 188 853 licet
219 787 327 853 locum
353 809 420 852 non
446 788 564 853 habeat
592 790 840 853 commentarius
867 787 1058 869 Hesiodeus,
1089 790 1165 855 licet
1192 791 1289 855 inter-

112 895 187 959 ierit
214 917 334 960 nomen
360 895 396 959 in
423 894 618 960 scholiorum
645 895 819 981 farragine:
847 918 930 961 unus
958 900 1125 980 excerptor
1152 897 1289 962 fideliter

112 1002 315 1067 conservavit
342 1003 530 1067 memoriam
559 1002 735 1086 scriptoris.
785 1002 889 1067 Locus
918 1007 967 1067 cst
995 1003 1035 1067 ad
1062 1025 1090 1067 v.
1109 1002 1175 1067 475
1185 1026 1231 1088 sq.
1254 1004 1290 1068 in

110 1107 220 1192 Etym.
245 1107 353 1194 Magn.
377 1109 429 1193 38,
455 1108 496 1172 12
520 1106 628 1196 (not.):
653 1111 862 1193 αἰρεύμενον·
894 1111 1118 1195 λαμβάνοντα,
1141 1116 1288 1195 αἴροντα.

108 1212 265 1291 Ἡσίοδος
293 1214 331 1280 ἐν
354 1217 463 1299 ἔργοις
485 1214 541 1280 καὶ
563 1215 700 1300 ἡμέραις
722 1214 797 1300 περὶ
820 1225 878 1299 τῆς
901 1215 1055 1300 ἐργασίας
1078 1215 1287 1301 προτρέπων·

270 1320 305 1386 ἐκ
330 1319 362 1386 δ’
388 1319 516 1403 ἀρκέων
539 1320 688 1398 ἐλάσειας
710 1321 861 1408 ἀράχνια,
883 1326 941 1386 καί
961 1339 998 1387 σε
1021 1325 1123 1388 ἔοπλα
1195 1334 1198 1339 ’

268 1430 432 1511 γηθήσειν
454 1430 570 1512 βιότου
594 1429 792 1513 αἰρεύμενον
816 1430 916 1494 ἔνδον
940 1428 1061 1506 ἐόντος.

110 1537 200 1620 παρὰ
224 1537 261 1600 τὸ
285 1537 378 1622 αίρῶ,
402 1535 419 1600 ὃ
444 1539 596 1618 σημαίνει
615 1537 652 1600 τὸ
677 1534 845 1619 λαμβάνω,
869 1536 962 1621 aloa,
985 1537 1151 1619 αἱροῦμαι,
1174 1537 1287 1619 αἱρού-

110 1666 215 1727 μενον
243 1639 298 1707 καὶ
322 1651 426 1727 τροπῇ
450 1646 587 1726 Δωρικῇ
611 1644 816 1726 αἰρεύμενον.
864 1643 1138 1726 Χοιροβοσκός.
1185 1640 1286 1706 Grato

111 1749 219 1814 animo
248 1749 428 1832 accepimus
456 1748 519 1813 hoc
546 1748 783 1831 testimonium,
813 1769 877 1831 quo
906 1770 976 1813 eam
1000 1748 1192 1812 sententiam
1215 1770 1287 1813 con-

110 1856 273 1920 firmatam
304 1856 463 1940 videmus,
495 1855 536 1919 ad
568 1876 664 1938 quam
696 1855 761 1918 iam
796 1855 919 1938 pridem
947 1855 1148 1919 ducebamur.
1202 1854 1287 1920 Nam

110 1962 321 2045 interpretem
353 1960 556 2026 Christianae
588 1961 664 2025 fidei
695 1961 857 2025 addictum
884 1961 985 2025 fuisse
1011 1963 1190 2027 necessario
1218 1966 1287 2026 erat

10 2076 12 2082 '
111 2068 318 2132 statuendum
338 2089 376 2132 ex
395 2068 452 2154 cis,
472 2090 553 2151 quae
571 2067 724 2152 leguntur
738 2090 767 2150 p.
783 2067 836 2154 36,
849 2069 902 2151 23,
917 2090 947 2150 p.
957 2068 1000 2131 49
1018 2072 1096 2154 not,
1109 2091 1139 2152 p.
1152 2070 1285 2153 169,16.

111 2172 196 2250 Quid
219 2175 305 2259 quod
328 2174 473 2257 exempla
496 2174 611 2258 petivit
634 2196 673 2237 ex
697 2173 820 2238 dicendi
843 2196 905 2238 usu
924 2173 1074 2259 Gregorii
1092 2173 1287 2239 Nazianzeni

111 2279 157 2368 (p.
165 2281 218 2366 46,
229 2283 264 2366 6,
275 2281 384 2365 Etym.
391 2281 499 2365 Magn.
508 2304 538 2364 p.
547 2281 622 2365 261,
632 2277 687 2367 1)?
716 2278 768 2343 Ad
782 2278 1041 2345 Ohoeroboscum
1056 2282 1204 2345 convenit
1220 2304 1286 2346 sae-

110 2387 244 2471 pissime
256 2387 407 2452 laudatus
419 2386 623 2451 Herodianus
634 2407 769 2469 cumque
784 2408 820 2450 eo
834 2387 951 2470 reliqui
965 2387 1285 2472 grammatici,veluti

109 2493 288 2578 Dionysius
298 2494 406 2558 Thrax
419 2516 449 2577 p.
459 2493 513 2579 44,
526 2497 593 2558 not.
608 2517 652 2577 α,
666 2492 862 2557 Philoxenus
877 2493 984 2578 Etym.
999 2492 1106 2578 Magn.
1117 2515 1146 2576 p.
1158 2493 1232 2579 293,
1241 2492 1284 2557 48

111 2599 181 2664 coll.
206 2598 325 2664 Orione
343 2623 373 2684 p.
392 2599 445 2682 48,
460 2600 494 2684 3,
517 2599 629 2664 Aelius
643 2599 822 2684 Dionysius
841 2600 926 2684 apud
943 2599 1093 2664 Eustath.
1113 2599 1153 2663 ad
1172 2598 1284 2684 Odyss.

109 2704 134 2792 Ι,
156 2706 233 2793 433,
251 2707 304 2792 30,
327 2706 366 2770 ad
388 2705 478 2770 lliad.
502 2703 526 2789 Ι,
547 2706 598 2792 71,
617 2705 673 2791 35,
700 2705 882 2774 Herennius
905 2705 999 2771 Philo
1024 2706 1108 2790 apud
1135 2706 1284 2773 Eustath.

109 2813 150 2877 ad
177 2811 290 2896 Odyss.
318 2811 348 2899 Ι,
375 2812 456 2900 433,
475 2813 532 2898 26,
564 2812 739 2877 Pausanias
772 2814 857 2897 apud
888 2811 1039 2876 Eustath.
1073 2813 1113 2876 ad
1141 2812 1232 2877 Iliad.
1260 2812 1285 2896 Ι,

111 2920 168 3007 71,
190 2919 241 2984 35.
269 2917 315 3004 Π,
338 2919 443 3005 48,2.
477 2918 615 3006 ΙΠ,59,
636 2920 668 3004 1,
700 2918 898 3004 λεξονράφοι
930 2943 960 3003 p.
988 2919 1062 3002 362,
1086 2918 1115 2981 2.
1170 2915 1285 2982 Omnia

108 3026 273 3091 hominem
311 3027 426 3091 talium
463 3048 570 3091 rerum
607 3026 839 3110 peritissimum
875 3030 1026 3109 poscunt,
1063 3023 1174 3108 quales
1211 3027 1285 3088 ante

109 3132 339 3218 Etymologica
361 3133 541 3216 composita
564 3133 714 3217 perpauci
734 3134 825 3196 erant
843 3132 927 3195 inter
947 3129 1159 3196 Christianos.
1197 3128 1284 3195 Satis

108 3240 220 3325 magni
242 3240 393 3323 ponderis
416 3239 450 3303 id
471 3261 598 3323 quoque
618 3243 675 3326 est,
697 3239 784 3322 quod
803 3238 960 3322 excerptis
979 3237 1143 3302 nonnullis
1161 3237 1285 3302 fontem

108 3346 211 3411 fuisse
238 3345 369 3411 Orionis
396 3346 535 3411 lexioum
566 3350 675 3429 aperte
708 3345 783 3410 licet
815 3345 1034 3410 demonstrare
1062 3342 1114 3431 (cf.
1144 3344 1184 3407 ad
1211 3345 1283 3408 v.9

108 3477 138 3537 p.
153 3453 208 3539 42,
221 3453 264 3516 23
283 3457 316 3518 et
333 3452 442 3537 Etym.
462 3451 569 3538 Magn
584 3476 614 3537 p.
630 3452 704 3538 275,
718 3452 759 3516 51
779 3451 932 3516 haustum
952 3474 990 3516 ex
1009 3450 1128 3515 Orione
1141 3474 1171 3535 p.
1186 3451 1238 3534 47,
1249 3452 1283 3535 9,

108 3560 148 3624 ad
171 3583 200 3624 v.
222 3559 286 3624 154
317 3560 425 3644 noym.
452 3559 560 3645 Magn.
588 3583 617 3643 p.
642 3559 720 3643 323,
739 3559 782 3622 26
810 3562 843 3622 ct
870 3558 978 3642 Etym.
1003 3556 1082 3622 Gud.
1111 3580 1140 3641 p.
1167 3556 1283 3640 178,3

107 3666 262 3730 haustum
290 3688 328 3730 ex
357 3665 475 3731 Orione
498 3689 528 3750 p.
548 3667 600 3750 61,
621 3667 677 3751 16,
704 3666 744 3730 ad
765 3689 794 3730 v.
814 3665 879 3731 358
907 3669 1014 3729 totum
1035 3663 1102 3727 fere
1126 3661 1284 3726 scholium
1393 3712 1395 3716 .

108 3772 218 3856 Etym.
241 3771 349 3858 Magn.
368 3796 398 3857 p.
414 3773 493 3858 293,
511 3773 553 3837 48
578 3773 698 3856 prodiit
726 3795 764 3836 ex
793 3771 911 3836 Orione
934 3794 963 3854 p.
982 3769 1036 3856 48,
1050 3769 1084 3853 3,
1112 3768 1198 3833 adv.
1219 3768 1282 3832 736

107 3879 218 3963 Etym.
241 3877 349 3966 Magn.
372 3903 402 3964 p.
423 3878 554 3966 723,15
578 3879 735 3943 scholium
754 3883 803 3943 est
822 3876 951 3941 Orionis
971 3900 1000 3961 p.
1021 3875 1094 3960 142,
1113 3875 1178 3958 23.)
1215 3873 1284 3940 Νοο

107 4009 176 4053 non
207 3987 303 4051 unius
335 3987 424 4051 illius
458 3986 573 4050 aetatis
600 3985 741 4050 hominis
772 3983 948 4048 Ohristiani
980 3982 1148 4066 proprium
1175 3986 1224 4046 est
1251 3986 1283 4046 et

108 4094 266 4158 scholium
290 4093 330 4157 ad
353 4116 381 4158 v.
401 4094 442 4157 27
471 4092 621 4158 Eustath.
650 4092 689 4156 ad
711 4091 800 4155 Iliad.
824 4090 849 4174 I,
868 4090 898 4174 8,
917 4090 970 4176 30,
992 4090 1049 4154 ubi
1072 4093 1198 4173 praeter
1220 4087 1283 4152 He-

108 4201 279 4266 rodianum
301 4203 439 4277 κανόνες
458 4197 538 4288 (scil.
562 4195 749 4284 Tmodosii)
767 4197 897 4261 nomine
915 4218 982 4261 non
1000 4196 1107 4260 addito
1127 4200 1164 4259 ut
1182 4195 1283 4258 notis-

110 4307 185 4372 simi
205 4307 392 4394 laudantur,
410 4309 443 4370 et
461 4306 599 4371 elocutio
619 4306 676 4369 illa
689 4304 873 4388 peculiaris,
888 4304 978 4367 cuius
991 4325 1093 4387 pauca
1108 4323 1184 4365 sane
1196 4321 1282 4364 nunc

110 4417 241 4479 exstant
269 4413 407 4499 vestigia
434 4418 658 4497 excerptorum
681 4411 789 4497 culpa,
810 4409 900 4475 velut
922 4409 1027 4475 forma
1050 4406 1283 4493 interrogativa
1396 4471 1398 4475 .

164 4527 381 4581 Dimisrrjevie,
395 4527 473 4568 studia
486 4526 609 4568 Hesiodea.
1053 4519 1069 4566 8
