2970 4980
485 319 527 373 De
544 318 695 374 Plutarcho
714 323 828 375 auctore
845 318 946 375 Procli.
1259 321 1301 386 99

128 505 157 548 v.
179 485 244 549 760
261 506 292 567 p.
311 483 376 548 413
401 484 442 547 ad
464 483 604 548 incertae
629 484 712 548 sedis
735 483 842 549 locum
864 483 1066 548 Platonicum
1088 507 1108 548 a
1127 483 1302 550 Plutarcho

130 589 165 654 in
184 591 412 655 commentario
431 590 613 675 laudatum;
633 591 672 655 ad
690 613 718 654 v.
734 591 796 656 769
811 613 841 674 p.
852 590 917 655 419
932 591 972 655 ad
986 591 1066 655 tales
1081 591 1177 676 locos,
1192 591 1302 676 quales

128 700 205 761 sunt
228 696 309 763 Tim.
332 697 416 783 36e,
439 695 514 782 Leg.
534 695 582 761 VI
600 720 630 781 p.
646 696 747 782 775e3
775 697 815 761 ad
842 721 870 762 v.
895 698 960 763 802
975 721 1017 782 p.
1040 698 1106 764 438
1135 698 1174 762 ad
1201 697 1302 783 Leges

130 802 179 868 IV
196 827 226 888 p.
248 805 349 870 716a.
395 801 464 868 Iam
487 804 575 887 satis,
594 803 718 888 opinor,
737 803 895 889 apparuit,
919 827 1015 889 quam
1033 804 1184 889 frequens
1204 804 1301 869 fuerit
1362 848 1372 863 .

127 911 212 994 apud
240 910 390 975 Proolum
418 911 594 975 auctoritas
621 909 782 975 Platonis:
811 911 889 975 olim
917 911 1037 995 ubique
1068 911 1134 975 fere
1167 910 1303 975 dixerim

128 1039 199 1082 eam
222 1018 407 1103 regnavisse
429 1017 464 1081 in
487 1016 724 1082 commentariis
747 1017 861 1082 Procli.

217 1123 484 1199 Adversariorum
513 1125 689 1189 sententias
718 1147 757 1189 ex
779 1129 871 1208 parte
894 1125 958 1189 iam
981 1125 1016 1189 in
1038 1125 1215 1190 Platonicis
1239 1126 1303 1190 dia-

127 1231 212 1317 logis
235 1231 372 1316 invenit,
395 1231 548 1295 maiorem
571 1235 697 1315 partem
721 1231 938 1316 suppeditavit
962 1254 1012 1318 ea,
1040 1254 1103 1316 qua
1126 1232 1303 1297 instructus

128 1342 211 1424 erat,
243 1339 388 1403 doctrina
419 1338 621 1422 philosopha.
676 1337 787 1403 Veluti
820 1339 894 1403 inde
925 1338 1024 1403 habet
1051 1339 1210 1424 Epicurea
1238 1339 1303 1425 illa,

127 1445 166 1510 de
190 1445 307 1530 quibus
332 1446 471 1510 diximus
495 1468 593 1530 supra
610 1469 639 1530 p.
660 1446 712 1513 46.
758 1444 967 1511 Aristotelem
990 1447 1125 1512 advocat
1147 1447 1304 1531 partima

128 1553 302 1618 Plutarcho
327 1552 517 1632 admonitus,
540 1552 575 1616 id
597 1553 683 1637 quod
701 1552 786 1616 infra
804 1552 1040 1638 demonstrabo,
1058 1554 1178 1637 partim
1195 1553 1303 1618 nescio

129 1683 172 1724 an
200 1661 239 1724 de
266 1681 325 1724 suo
353 1658 397 1747 (p.
418 1658 497 1744 315,
517 1661 536 1724 8
559 1658 635 1724 hist.
655 1658 850 1724 an.I490b
872 1661 904 1745 73
927 1683 957 1744 p.
978 1660 1109 1744 312,12
1127 1660 1203 1724 hist.
1223 1657 1304 1724 an.I

127 1766 222 1832 5961)
237 1765 282 1855 4).
328 1766 458 1831 Etenim
482 1766 720 1831 accuratissime
743 1767 871 1831 novisse
892 1767 989 1831 huius
1013 1767 1132 1851 scripta
1154 1766 1304 1831 Proolum

128 1874 214 1939 inter
233 1896 343 1939 omnes
367 1877 503 1939 constat.
548 1873 714 1938 Plutarchi
737 1873 963 1957 Neoplatonici
986 1874 1050 1938 fuit
1068 1874 1208 1958 auditor,
1232 1896 1304 1938 cum

128 1980 302 2064 explicaret
324 1980 512 2045 Aristotelis
535 1981 573 2045 de
597 1981 703 2045 anima
725 1980 842 2065 libros,
864 1984 948 2045 teste
971 1980 1097 2045 Marino
1120 1982 1177 2045 vit.
1200 1980 1303 2045 Procl.

128 2110 154 2152 c.
176 2088 218 2151 12
241 2085 293 2174 (cf.
313 2109 337 2152 c.
358 2085 401 2175 9).
462 2085 524 2152 Sed
555 2088 723 2152 mittamus
755 2087 846 2152 haec:
879 2088 985 2152 aditus
1017 2088 1076 2152 fiat
1108 2088 1148 2151 ad
1179 2087 1304 2152 fontem

128 2195 327 2281 primarium,
348 2195 513 2260 Plutarchi
537 2196 810 2260 commentarium.

217 2301 280 2366 Hic
297 2324 522 2386 praemoneam
541 2302 635 2367 ineis
656 2325 737 2387 quae
751 2306 880 2367 exstant
899 2302 1029 2366 scholiis
1043 2323 1161 2367 nomen
1175 2303 1305 2387 quidem

130 2407 298 2473 Plutarchi
330 2409 457 2493 saepius
485 2409 606 2494 afferri,
639 2409 745 2493 ipsum
773 2429 854 2492 opus
879 2408 1180 2472 commentariorum
1207 2409 1304 2494 signi-

131 2515 222 2580 ficari
239 2537 408 2600 nusquam.
446 2513 508 2580 Sed
526 2519 558 2579 et
577 2515 666 2580 adest
684 2515 778 2579 testis
794 2512 917 2580 Gellius
936 2513 970 2602 (l.
984 2514 1005 2578 l.
1025 2537 1122 2598 supra
1140 2538 1170 2599 p.
1189 2512 1247 2602 97)
1271 2518 1305 2580 et

131 2622 272 2687 clamant
303 2622 374 2706 ipsa
407 2622 536 2687 scholia.
591 2622 725 2686 Frustra
757 2621 952 2706 quaesiveris
980 2622 1068 2686 locos
1095 2621 1304 2687 Plutarcheos
1397 2678 1402 2687 .

129 2729 166 2792 in
188 2729 247 2813 eis,
275 2750 356 2814 quae
379 2733 519 2794 aetatem
541 2730 695 2816 tulerunt,
719 2729 856 2813 scriptis.
902 2728 947 2793 Et
971 2751 1109 2813 quanam
1133 2729 1195 2792 alia
1219 2751 1304 2794 occa-

129 2836 221 2899 sione
247 2835 312 2900 nisi
339 2858 397 2920 per
424 2837 670 2901 commentarios
698 2835 820 2920 prodiit
848 2835 902 2899 ille
930 2835 1108 2899 instructus
1136 2835 1234 2899 variis
1262 2834 1304 2900 le-

129 2941 293 3007 ctionibus
317 2942 516 3008 athetesibus
539 2942 727 3027 reliquoque
751 2941 1034 3028 grammaticorum
1057 2941 1235 3024 apparatu?

218 3049 403 3114 Monuimus
431 3054 539 3114 autem
567 3072 665 3134 supra
687 3072 718 3133 p.
738 3048 780 3112 96
804 3046 996 3134 interduml)
1024 3048 1059 3111 in
1082 3047 1183 3112 altera
1209 3052 1302 3131 parte

126 3155 372 3222 Procliauorum
398 3157 519 3241 perisse
541 3179 659 3222 nomen
681 3155 859 3239 Plutarchi,
887 3155 922 3219 in
944 3154 1045 3219 altera
1067 3155 1183 3219 adesse.
1225 3152 1313 3229 inde,

127 3263 300 3328 concludas
328 3263 407 3328 olim
434 3264 468 3328 id
496 3265 626 3328 omnino
654 3263 758 3327 multo
788 3262 914 3346 saepius
939 3262 1120 3327 occurrisse.
1161 3260 1207 3325 Et
1229 3260 1304 3326 licet

129 3391 219 3434 nunc
243 3392 369 3455 quoque
389 3372 544 3456 quaedam
566 3371 652 3435 facta
675 3374 856 3453 temporum
876 3369 1009 3434 decursu
1032 3391 1192 3452 anonyma
1214 3368 1305 3432 resti-

127 3481 221 3542 tuere
244 3476 417 3543 Plutarcho
442 3478 596 3542 adhibitis
618 3477 752 3562 reliquis
776 3477 844 3541 eius
868 3476 1005 3561 scriptis.

221 3581 304 3649 Sunt
332 3606 472 3670 quoque,
501 3607 582 3669 quae
610 3607 649 3649 ex
676 3584 826 3649 universa
854 3583 1036 3669 argumenti
1062 3583 1187 3646 ratione
1209 3604 1303 3646 nemo
1406 3646 1408 3650 ,

126 3712 198 3756 non
223 3691 374 3755 concedat
396 3691 584 3776 Plutarcho,
611 3691 712 3757 veluti
740 3691 797 3755 ubi
820 3691 922 3774 spirat
947 3690 1015 3753 eius
1039 3710 1128 3753 amor
1150 3688 1304 3752 Boeotiae

126 3797 267 3884 patriae,
294 3798 350 3862 ubi
378 3801 511 3883 apparet
537 3798 743 3863 notissimum
770 3798 851 3862 illud
878 3796 1020 3861 studium
1048 3793 1225 3858 delectandi
1247 3816 1305 3877 per

127 3905 275 3988 exempla
308 3905 374 3969 sive
406 3927 444 3969 ex
476 3927 584 3970 rerum
616 3910 781 3991 gestarum
813 3902 967 3967 memoria
1000 3901 1066 3965 sive
1099 3922 1137 3965 ex
1163 3900 1304 3966 fabulari

125 4011 267 4076 historia
289 4012 398 4095 petita.
445 4010 576 4075 Accedit
599 4033 725 4076 morum
748 4008 1016 4074 emendandorum
1039 4007 1187 4072 amabilis
1211 4029 1304 4092 quae·
1348 4015 1350 4019 ’

127 4118 205 4182 dam
228 4140 312 4203 cura,
336 4118 518 4183 Stoicorum
540 4117 576 4181 in
598 4118 714 4201 etymis
734 4115 929 4200 explicandis
953 4114 1101 4179 imitatio.
1137 4113 1225 4179 Haec
1243 4135 1303 4199 ego

221 4367 246 4435 1)
276 4365 407 4421 Conferas
434 4382 461 4434 p.
488 4370 552 4435 142,
576 4370 610 4418 27
639 4364 770 4433 quodque
802 4362 857 4416 huc
888 4361 958 4417 facit
987 4360 1126 4416 scholium
1153 4362 1248 4430 vetus,
1276 4362 1305 4414 et

126 4474 157 4528 p.
173 4459 235 4524 aas,
250 4460 291 4511 21.

1054 4539 1089 4594 710
