2970 4980
405 343 447 398 Dc
467 343 588 414 Operum
606 343 731 399 versibus
751 344 786 398 ab
806 343 930 412 antiquis
948 344 1080 399 laudatis.
1266 344 1331 409 213

156 507 290 597 „multi‘
318 508 493 575 studebant
519 507 664 573 invenire
693 508 728 573 in
749 529 846 573 versu
868 507 953 595 405,
980 529 1076 592 quem
1098 508 1331 593 interpreta-

156 618 300 682 bantur
327 615 390 681 hoc
412 615 516 680 modo.
562 614 650 691 Quae
672 615 898 699 interpretatio
922 618 1036 700 postea
1057 615 1092 680 in
1114 637 1242 679 versum
1265 615 1330 680 406

156 727 205 788 est
234 722 375 809 redacta,
403 722 513 787 eodem
535 722 630 787 modo
655 722 749 786 utin
771 744 900 787 versum
924 723 989 788 294
1012 722 1236 806 interpretatio
1259 721 1331 786 Ari-

157 829 264 915 stidis3
296 828 395 894 verba
427 829 498 913 ipsa
530 829 652 912 κτητὴν
683 828 729 893 οὐ
761 830 915 913 γαμετήν,
947 829 968 911 ἥ
1000 833 1067 894 κτλ.
1095 827 1204 893 litem
1231 830 1269 894 de
1297 851 1331 893 re

155 937 257 1002 fuisse
293 935 556 1001 manifestissime
592 935 823 999 demonstrant.
878 932 940 999 Sed
976 935 1141 1001 redeamus
1178 937 1218 1001 ad
1254 959 1330 1002 rem.

155 1044 184 1108 Ε
204 1041 370 1108 Plutarchi
389 1040 520 1108 Oonviv.
545 1041 723 1126 quaestion.
747 1065 778 1127 p.
799 1041 891 1105 738a
911 1039 982 1129 (IV,
997 1043 1061 1108 363
1071 1040 1122 1128 Β.)
1145 1042 1229 1107 nihil
1252 1044 1331 1108 certi

156 1151 310 1237 efficitur,
340 1172 535 1235 quamquam
564 1149 641 1213 haec
673 1170 802 1233 quoque
830 1149 942 1233 verba,
973 1149 1001 1213 si
1028 1150 1123 1214 modo
1151 1155 1245 1215 amnt
1268 1151 1331 1215 alia

156 1262 345 1344 argumenta
377 1256 520 1343 prolata,
553 1256 749 1322 videbuntur
780 1260 926 1321 nostram
958 1256 1094 1340 probare
1124 1257 1331 1343 sententiam3

156 1365 210 1430 sed
238 1364 327 1430 adest
355 1363 478 1448 aliquid
504 1363 540 1428 in
568 1363 791 1428 commentarii
820 1363 888 1427 eius
916 1363 1061 1447 reliquiis
1090 1364 1130 1427 ad
1154 1363 1240 1427 hunc
1263 1385 1331 1428 ver-

156 1495 228 1538 sum
256 1470 310 1559 (cf.
334 1493 432 1556 supra
454 1493 485 1555 p.
505 1471 557 1558 67,
581 1494 610 1555 p.
632 1470 719 1557 104).
766 1468 849 1534 Sane
871 1470 1065 1553 permixtum
1089 1474 1138 1534 est
1160 1469 1222 1535 hoc
1245 1471 1330 1557 frag-

154 1584 299 1645 mentum
309 1601 381 1644 cum
390 1579 576 1662 Proclianis‚
591 1577 647 1663 qui
656 1600 685 1642 v.
691 1577 756 1641 406
767 1580 853 1642 certe
862 1576 999 1663 legebat,
1014 1577 1100 1662 quod
1110 1576 1228 1642 iterum
1238 1599 1330 1663 argu-

155 1690 264 1752 mento
284 1691 334 1752 est
353 1687 421 1751 eius
440 1687 476 1750 in
494 1686 643 1750 manibus
661 1685 763 1750 fuisse
784 1684 945 1768 exemplar
958 1684 1109 1770 vulgatae
1122 1685 1330 1771 recensionis3

156 1795 211 1860 sed
229 1794 380 1861 videntur
399 1793 528 1878 utrique
547 1815 605 1858 sua
620 1814 715 1877 posse
729 1792 860 1856 restitui
873 1791 959 1856 hunc
973 1792 1008 1856 in
1021 1791 1151 1856 modum
1169 1792 1212 1881 (p.
1223 1792 1330 1880 abac

156 1901 282 1989 (iaisf.):
312 1901 368 1984 [οὐ
396 1900 483 1982 λέγει
507 1895 579 1965 οὖν
601 1900 783 1982 παλλακήν,
812 1898 895 1964 ἀλλὰ
918 1900 1051 1983 φύλακοι
1074 1908 1134 1965 τοῦ
1157 1905 1252 1965 οίιιον
1274 1899 1330 1966 καὶ

155 2021 221 2075 τῶν
244 2009 357 2094 βοῶν]
394 2009 536 2092 μάτην
560 2002 660 2092 [οὖν]
685 2005 843 2089 λέγουσιν
861 2007 897 2072 οί
912 2004 986 2092 περὶ
1008 2010 1147 2092 Τίμαιον
1162 2005 1329 2097 Ἡσιόδῳ

154 2118 213 2183 τὸν
232 2113 463 2201 Ἀριστοτέλην
490 2117 693 2199 πειθόμενον
720 2114 800 2198 μετὰ
827 2114 888 2197 τὴν
914 2123 971 2198 τῆς
993 2115 1152 2198 γυναικὸς
1173 2115 1330 2198 τελευτὴν

150 2223 343 2310 Ἑρπυλλίδι
372 2233 523 2288 συνεῖναι
550 2231 590 2307 τῇ
613 2223 797 2306 θεραπείνη
819 2219 882 2286 πτὲ.
930 2217 1056 2287 Gaudet
1079 2221 1181 2307 igItur
1203 2219 1328 2286 Plutar-

154 2330 246 2415 chus,
279 2329 365 2415 quod
396 2350 471 2393 non
501 2331 606 2393 exstat
638 2326 703 2391 tale
736 2325 912 2410 quidquam
944 2326 979 2389 in
1006 2325 1140 2392 Hesiodi
1171 2327 1329 2412 versibus,

153 2459 257 2522 neque
289 2458 418 2502 versum
448 2434 549 2501 novit.
603 2432 725 2499 Oontra
756 2432 891 2498 Proclus
924 2433 1067 2517 captiose
1097 2433 1330 2518 interpretatur

154 2567 283 2610 versum
310 2544 375 2609 406
406 2548 439 2608 et
468 2565 617 2628 perverse
648 2541 746 2607 etiam
776 2544 911 2626 propter
940 2539 1021 2604 illud
1049 2544 1112 2606 καί.
1142 2540 1329 2606 —Versus

154 2652 219 2716 408
254 2651 415 2736 posterius
447 2649 688 2714 hemistichium
716 2653 828 2713 auctor
855 2648 918 2712 iste
945 2646 1237 2732 Epimerismorum
1264 2646 1329 2712 Ho-

154 2758 345 2824 mericorum
378 2756 462 2843 apud
490 2755 630 2821 Cramer.
653 2754 714 2820 An.
739 2753 833 2819 cal
861 2778 891 2839 p.
912 2755 975 2819 123
981 2756 1029 2842 ,3
1060 2755 1106 2820 sic
1134 2755 1277 2840 scripsit:
1310 2754 1328 2820 ὁ

154 2863 216 2950 μὲν
240 2864 325 2950 [pic.
348 2874 428 2949 τητόι
452 2885 575 2928 errores
598 2862 827 2948 typothetael]
850 2863 998 2950 ἀρνεῖται
1018 2865 1059 2927 σὺ
1078 2858 1116 2926 dt
1133 2872 1224 2948 τητᾷ,
1243 2860 1329 2946 quod

153 2994 257 3057 neque
279 2992 391 3037 versus
414 2970 529 3054 recipit
553 2974 585 3034 et
608 2970 797 3055 perspicuae
820 2970 955 3055 originis
978 2973 1028 3034 est
1051 2970 1241 3053 corruptela.

243 3078 349 3143 Versu
378 3079 445 3143 410
475 3098 570 3142 usum
600 3076 750 3142 vocabuli
780 3078 900 3163 αὔριον
931 3077 1090 3162 approbat
1118 3098 1265 3160 anonym.
1291 3076 1329 3140 de

155 3186 355 3251 barbarismo
382 3208 412 3269 p.
438 3185 500 3250 197
516 3183 644 3270 Valde,
675 3184 763 3248 vocis
792 3187 912 3269 ἔννηφι
940 3183 1057 3249 Athen.
1076 3182 1155 3248 XIV
1182 3207 1213 3268 p.
1233 3181 1329 3248 6531

155 3298 187 3357 et
218 3291 267 3358 III
290 3316 320 3377 p.
342 3292 438 3357 100b
472 3296 504 3356 et
536 3291 712 3356 scholiasta
744 3289 912 3377 Aristoph.
945 3292 986 3357 ad
1016 3289 1155 3356 Acharn.
1176 3290 1239 3355 172
1254 3288 1328 3375 Dd.;

154 3399 289 3465 eundem
317 3403 451 3484 propter
478 3402 705 3485 argumentum
732 3396 866 3461 laudant
889 3396 1067 3482 Dionysius
1090 3396 1328 3463 Alexandrinus

153 3528 185 3572 π.
209 3509 286 3591 φύσ.
309 3507 393 3592 πρὸς
407 3504 507 3572 Ἐπίκ.
530 3504 615 3589 apud
635 3504 754 3569 Euseb.
773 3526 879 3588 praep.
900 3526 1010 3591 evang.
1025 3503 1113 3591 XIV,
1131 3507 1172 3570 27
1193 3528 1223 3589 p.
1241 3505 1327 3568 7810

154 3613 211 3701 (H,
229 3613 291 3680 331
303 3611 415 3700 Dind.)
443 3635 516 3677 cum
539 3635 568 3677 v.
587 3611 666 3696 413,
695 3609 853 3676 Stobaeus
877 3612 912 3676 in
934 3611 1067 3697 Eclogis
1090 3610 1183 3696 phys.
1208 3614 1240 3674 et
1263 3610 1327 3675 eth.

154 3717 196 3806 ΙΙ,
212 3721 290 3806 7,11
308 3717 355 3807 (II
369 3742 399 3804 p.
413 3716 660 3806 116Wachsm.)
679 3740 752 3782 cum
766 3741 797 3782 v.
806 3718 882 3803 411,
896 3718 1126 3801 Theodoretus,
1141 3716 1197 3801 qui
1211 3715 1328 3800 pendet

154 3849 171 3891 e
188 3826 355 3912 Dionysio,
378 3827 413 3890 in
435 3827 519 3891 libro
543 3825 582 3890 de
605 3828 670 3890 nat.
693 3824 778 3889 hom.
798 3848 829 3909 p.
845 3825 897 3911 70,
915 3824 959 3888 30
980 3823 1025 3910 (p.
1042 3826 1103 3889 191
1116 3821 1229 3911 Gaisf.)
1253 3844 1326 3888 cum

153 3955 181 3997 v.
204 3934 279 3998 413.
306 3971 350 3980 -—
381 3933 480 4010 Quasi
511 3933 627 3998 umbra
658 3954 771 3997 versus
802 3931 866 3996 411
899 3931 1020 4017 legitur
1052 3931 1087 3994 in
1119 3930 1328 4016 gnomologia

152 4039 299 4105 Parisina
329 4041 415 4125 apud
441 4039 629 4106 Boissonad.
653 4038 715 4104 An.
739 4060 785 4125 gr.
805 4036 821 4102 I
846 4036 923 4122 115,
945 4038 999 4103 17:
1032 4037 1115 4123 ἀνὴρ
1144 4039 1265 4115 ἄοκνος
1289 4035 1326 4125 (1)

151 4150 312 4232 πίμπλησι
334 4150 462 4232 κοιλιην.
482 4186 522 4193 -
542 4146 665 4212 Versus
684 4146 750 4211 412
773 4145 987 4230 posteriorem
1008 4149 1134 4230 partem
1152 4144 1327 4209 scholiasta

153 4253 193 4317 ad
210 4252 300 4318 Pind.
319 4252 360 4319 N.
376 4252 434 4340 VI,
453 4254 493 4318 91
519 4277 550 4338 p.
572 4254 636 4320 194
645 4252 708 4318 Ab.
731 4251 848 4317 tribuit
866 4251 1017 4338 Homero,
1041 4275 1137 4337 quam
1156 4251 1325 4337 neglegen-

150 4360 231 4425 tiam
267 4360 354 4446 apud
386 4381 458 4425 oum
490 4359 554 4424 iam
586 4361 626 4425 ad
656 4382 685 4424 v.
710 4359 774 4424 218
809 4359 998 4425 invenimus.
1026 4398 1069 4406 —
1097 4359 1236 4425 Versum
1258 4358 1324 4422 413

151 4471 281 4552 praeter
307 4467 501 4554 Dionysium
534 4470 567 4531 et
594 4466 832 4532 Theodoretum
863 4466 1076 4534 laudaverunt
1103 4464 1260 4532 Arrianus
1291 4466 1325 4529 in
