2970 4980
413 323 455 378 De
473 322 630 379 Aristarchi
647 322 678 377 in
695 320 850 378 Hesiodum
868 320 1083 394 commentariis.
1271 322 1334 387 123

161 487 343 572 conscripto
380 488 618 553 commentario.
653 524 695 534 —
727 484 796 552 Iam
828 485 1016 551 Waesohkii
1051 484 1333 551 Aristarcheorum

159 594 435 680 hypomnematon
459 594 648 681 fragmentis
672 594 804 659 abiectis
829 593 971 659 dicamus
996 593 1034 658 de
1057 592 1239 658 Flachianis
1263 593 1333 658 reli-

161 701 234 786 quis
261 700 367 766 tribus
395 701 436 767 ad
463 725 492 767 v.
512 701 555 768 30
583 724 600 767 0
629 700 751 766 scholio
779 724 809 785 p.
828 701 885 785 57,
905 701 939 786 2,
967 701 1006 766 ad
1029 723 1057 766 v.
1081 701 1146 765 693
1171 723 1187 764 0
1210 699 1333 765 scholio

160 831 190 892 p.
209 808 284 895 376,
305 809 356 895 14,
378 809 418 873 ad
441 832 470 874 v.
489 809 554 875 826
578 831 595 873 e
619 808 742 873 scholio
765 832 795 893 p.
813 807 894 896 459,
916 808 973 872 ubi
995 830 1036 874 ne
1059 808 1180 872 mentio
1205 807 1334 891 quidem

160 915 342 981 Aristarchi
362 915 449 980 facta
472 919 529 980 est.

254 1021 307 1087 Ad
329 1045 357 1088 v.
377 1022 421 1088 30
444 1027 493 1088 est
516 1047 546 1108 p.
565 1021 618 1111 57,
638 1023 658 1088 2
682 1021 841 1088 scholium
859 1020 1089 1088 Ohoerobosci:
1114 1023 1194 1109 ὤρη·
1218 1027 1335 1100 φιλοῦ-

160 1153 214 1195 ται
245 1126 283 1195 δὲ
312 1131 349 1195 τὸ
377 1132 460 1217 ὥρη,
489 1138 554 1195 νύν
581 1131 644 1217 γὰρ
673 1131 735 1214 τὴν
762 1130 927 1214 φροντίδα
956 1131 1116 1214 σημαίνει.
1171 1128 1254 1194 ὅθεν
1280 1126 1335 1193 καὶ

160 1236 321 1321 ὀλιγωρία
347 1234 402 1302 καὶ
430 1239 602 1324 πολυωρία
636 1234 691 1301 καὶ
714 1243 876 1321 πολυωρῶ
899 1233 954 1300 καὶ
977 1235 1132 1319 πυλωρὸς
1155 1235 1172 1300 ὁ
1197 1235 1257 1318 τὴν
1275 1242 1335 1299 τοῦ

162 1343 347 1428 φυλάσσειν
371 1342 532 1421 ἐξουσίαν.
577 1342 682 1421 Quid?
715 1340 975 1408 Choeroboscum
997 1342 1163 1427 ignorasse
1186 1339 1274 1425 talia,
1296 1344 1334 1405 ut

162 1449 192 1514 ei
220 1452 327 1514 essent
354 1449 547 1515 consulenda
574 1453 682 1515 vetera
696 1449 854 1514 scholia?
899 1448 1002 1513 Immo
1031 1449 1098 1513 eius
1127 1448 1229 1531 ipsius
1257 1447 1335 1512 haec

162 1560 248 1641 sunt,
279 1555 410 1620 minime
437 1555 626 1621 Aristarchi.
686 1554 747 1622 cui
778 1556 856 1621 haec
883 1554 980 1620 verba
1008 1554 1158 1619 attribuit
1185 1553 1335 1618 Flaohius

161 1666 328 1747 permotus
356 1663 416 1749 eis,
445 1685 525 1748 quae
552 1664 704 1749 leguntur
730 1665 765 1728 in
790 1662 972 1727 Homericis
1005 1660 1134 1727 scholiis
1163 1661 1203 1725 ad
1227 1665 1260 1725 X
1279 1661 1334 1724 69:

161 1770 371 1857 πυλαωρούς
391 1767 603 1858 Ἀρίσταρχος
626 1771 841 1858 θυραωρούς,
863 1769 1112 1855 θυροφύλακας.
1164 1766 1226 1832 Sed
1249 1789 1336 1852 aper·

164 1879 236 1940 tum
267 1880 317 1941 est
348 1874 574 1942 Aristarchum
606 1878 736 1943 omnino
772 1899 839 1942 non
874 1877 1034 1942 curavisse
1070 1875 1336 1961 significationem

163 1983 252 2048 vocis
272 1985 340 2071 ὥρη
348 1981 382 2071 1),
405 1987 509 2049 totam
531 2006 606 2050 vero
630 1985 696 2050 vim
719 1984 895 2050 sententiae
914 1984 982 2048 eius
1006 1984 1109 2048 inesse
1127 1982 1162 2046 111
1180 2004 1227 2070 00,
1250 1982 1337 2066 quod

161 2112 222 2175 pro
249 2094 461 2178 πυλαωρούς
483 2091 578 2157 iussit
601 2091 950 2180 θυραωρούςο011111.
988 2089 1053 2156 Gur
1077 2093 1183 2155 autem
1207 2089 1275 2154 hac
1297 2088 1336 2154 de

163 2219 199 2261 re
221 2197 447 2286 disputaverit,
473 2221 558 2264 nunc
582 2221 710 2284 quoque
733 2199 969 2263 demonstratur
993 2197 1124 2263 scholiis
1147 2196 1337 2282 Homericis,
1448 2206 1450 2211 '

164 2326 246 2390 quae
273 2304 399 2370 minora
424 2306 591 2393 leguntur,
619 2306 659 2370 ad
682 2306 816 2371 eundem
839 2327 976 2390 versum,
998 2304 1056 2369 ubi
1078 2304 1156 2368 haec
1179 2304 1337 2368 sententia

164 2412 326 2478 immerito
346 2397 530 2478 Herodiano
554 2417 603 2478 est
627 2413 797 2478 attributa:
816 2411 1023 2502 Ἡρωδιανὸς
1040 2413 1240 2496 θυραωρούς
1257 2411 1336 2495 γρά-

164 2539 233 2604 φει·
256 2521 381 2597 πύλας
403 2522 475 2608 γὰρ
500 2518 561 2585 ἐπὶ
584 2521 737 2586 πόλεών
760 2537 872 2603 φησιν.
918 2516 1017 2582 Nulla
1040 2538 1116 2603 ergo
1135 2517 1225 2584 adest
1243 2517 1337 2602 ratio,

163 2647 221 2690 cur
251 2626 312 2692 hoc
343 2627 558 2713 fragmentum
591 2627 805 2692 attribuamus
836 2625 1033 2690 Aristarcho.
1063 2663 1104 2671 —-
1133 2624 1255 2689 Eadem
1286 2645 1336 2688 res

164 2736 214 2798 est
241 2732 278 2799 de
305 2734 487 2820 fragmento
516 2734 557 2799 ad
579 2757 607 2799 v.
627 2735 719 2799 6930
748 2732 963 2800 Ohoerohosci
992 2732 1115 2798 scholio
1138 2731 1261 2817 p.376,
1283 2731 1336 2796 14:

163 2841 204 2904 τά
232 2837 269 2906 δὲ
296 2835 411 2926 φορτί’
441 2840 671 2926 ἀμαυρωθείη·
699 2842 739 2906 τὰ
767 2837 804 2906 δὲ
827 2844 948 2928 φορτία
972 2839 1144 2924 ἀφανισθῇ
1168 2835 1222 2902 καὶ
1246 2836 1337 2902 ἐλατ-

165 2953 273 3033 coep·
305 2948 445 3013 δύναται
476 2944 513 3013 δὲ
535 2946 590 3014 καὶ
613 2950 695 3014 κατὰ
718 2948 929 3033 συναλοιφὴν
951 2946 1086 3012 ἀκούειν
1109 2945 1337 3031 ἀμαυρωθείη·

164 3054 304 3120 δύναται
328 3051 366 3120 δδ
388 3053 444 3120 καὶ
466 3062 643 3143 pavendis
667 3052 721 3120 καὶ
745 3056 808 3142 γὰρ
832 3053 869 3119 ἐν
891 3056 1016 3131 ἀλλοις·

484 3178 567 3246 Ῥείά
589 3203 624 3245 τε
646 3205 705 3265 μιν
727 3187 893 3268 μαυροῦσι
915 3181 1000 3244 θεοί.

165 3302 252 3379 Quae
283 3304 380 3368 verba
412 3326 486 3369 cum
514 3303 695 3370 Gaisfordio
726 3308 869 3371 correcta
899 3303 1080 3369 Aristarchi
1109 3301 1338 3369 commentario

165 3431 222 3475 cur
248 3410 458 3476 vindicaverit
485 3410 649 3499 Flachius,
674 3412 796 3476 frustra
823 3433 862 3476 ex
889 3434 940 3477 me
968 3433 1114 3497 quaeres3
1143 3410 1268 3474 nullum
1291 3430 1339 3473 ac-

166 3516 265 3600 cipies
288 3539 486 3600 responsum.
531 3517 684 3583 Huncin
706 3519 838 3583 modum
862 3519 889 3582 si
912 3518 1145 3604 progredimur,
1167 3536 1339 3600 possumus

165 3623 195 3687 ei
220 3622 381 3688 vindicare
404 3624 511 3690 omnia
534 3622 750 3690 Choerobosci
774 3625 903 3690 scholia.
948 3622 1010 3689 Sed
1028 3623 1164 3687 maxime
1183 3621 1340 3705 displicet,

166 3730 253 3814 quod
262 3731 358 3795 etiam
369 3731 528 3796 scholium
537 3728 841 3797 Choerobosciadv.
850 3732 925 3816 826,
935 3730 1022 3814 quod
1031 3733 1081 3794 est
1090 3727 1248 3813 p.447,17
1253 3726 1338 3790 -18

164 3837 270 3903 voluit
302 3860 370 3903 esse
397 3839 613 3923 frag‘mentum
640 3837 822 3904 Aristarchi
849 3837 1013 3902 Flachius:
1047 3836 1137 3901 τάων
1160 3834 1339 3918 εὐδαίμων·

165 3945 296 4022 τούτοις
324 3946 344 4010 δ
350 3979 359 4018 ι
386 3944 549 4028 ἐπάνουσί
573 3968 662 4022 τινες
688 3946 750 4028 τὴν
776 3945 1071 4029 ὀρνιθομαντείαν,
1100 3944 1196 4007 ἀτινα
1224 3939 1340 4006 Ἀπολ-

165 4053 286 4129 λώνιος
313 4052 330 4117 ὁ
350 4051 474 4129 Ῥόδιος
500 4052 623 4117 ἀθετεῖ.
668 4050 754 4116 Nam
780 4050 858 4114 haec
881 4051 908 4114 si
932 4055 1016 4115 esset
1038 4049 1136 4134 ratic,
1159 4071 1223 4133 qua
1245 4047 1339 4112 nobis

165 4159 359 4244 fingeremus
392 4181 473 4244 opus
506 4159 636 4243 aliquod
668 4162 780 4223 contra
811 4178 938 4222 omnem
969 4157 1121 4223 traditam
1153 4154 1340 4220 memoriam

257 4372 284 4441 1)
301 4371 344 4425 Ne
369 4374 398 4426 te
425 4369 510 4426 fallat
537 4369 609 4424 illud
636 4369 851 4439 decoctiones!
888 4367 966 4422 Haec
988 4371 1032 4423 est
1058 4365 1173 4436 Didymi
1195 4363 1270 4420 vocis
1293 4381 1350 4449 exj

165 4458 302 4531 planatio.
