2970 4980
235 310 297 374 118
480 307 521 362 De
540 305 695 361 Aristarchi
712 304 743 359 in
760 303 916 360 Hesiodum
934 300 1148 359 commentariis.

234 495 316 558 quae
335 477 411 539 sunt
430 472 526 538 huius
544 470 671 557 generis
690 469 761 535 alia.
792 468 896 535 Erant
915 467 1016 554 igitur
1033 465 1165 553 Didymi
1184 467 1407 533 commentarii

233 578 394 646 Hesiodei.

321 685 429 751 Libris
461 684 639 750 Aristonici
672 689 705 750 et
736 683 868 768 Didymi
900 683 940 747 ad
966 681 1187 748 vetustissima
1215 681 1341 747 scholia
1366 682 1407 747 fa·

234 794 345 860 cienda
369 793 603 858 sufficientibus
627 796 728 878 erant,
755 791 811 875 qui
833 812 892 874 pro
916 789 1084 875 diligentia
1106 810 1165 854 sua
1188 788 1342 854 afferrent
1365 811 1407 854 re

235 901 414 966 cantiorum
433 921 561 984 quoque
580 897 733 983 quasdam
752 897 929 963 sententias
948 896 1064 962 additis
1081 917 1208 981 semper
1221 896 1407 961 nominibus

234 1006 404 1094 (Philonis,
426 1005 604 1093 Alexionis,
626 1004 792 1090 Apollonii
815 1003 974 1069 Archibiu
997 1000 1066 1089 al),
1094 1025 1233 1088 quorum
1257 1004 1408 1089 operibus

233 1113 409 1198 Didymum
436 1114 542 1197 ipsum
572 1134 668 1178 usum
696 1134 765 1177 esse
787 1134 828 1175 ne
850 1111 1030 1196 credamus,
1053 1110 1254 1193 temporibus
1279 1110 1408 1196 impedi·

233 1244 313 1286 mur.
363 1221 450 1286 Raro
478 1242 563 1284 nunc
591 1219 669 1284 haec
695 1219 827 1284 nomina
849 1219 1015 1304 leguntur,
1046 1217 1101 1282 sed
1123 1216 1285 1302 dubitem,
1315 1240 1357 1283 an
1378 1217 1410 1282 id

233 1350 335 1415 genus
363 1327 586 1393 adnotationes
615 1326 752 1392 omissae
780 1327 846 1390 sint
874 1329 905 1390 et
930 1329 1004 1389 ante
1028 1322 1245 1390 Choerobosci
1270 1328 1409 1390 aetatem

234 1438 266 1499 et
288 1434 329 1498 ab
353 1434 410 1499 illo
434 1435 505 1518 ipso
529 1438 561 1498 et
584 1433 680 1518 longe
702 1433 858 1517 plurimae
881 1432 922 1496 ab
946 1431 1193 1515 excerptoribus.
1238 1430 1409 1517 Praecipui

234 1544 342 1605 autem
364 1541 471 1605 fontes
494 1539 672 1605 Aristonici
696 1544 728 1604 et
751 1538 883 1623 Didymi
907 1537 1027 1622 scripta
1049 1537 1145 1603 fuere.

323 1647 433 1735 Longe
466 1648 595 1733 gravior
628 1651 677 1711 est
705 1647 866 1733 quaestio,
900 1645 1105 1730 scripseritne
1135 1643 1412 1732 Aristarchus,

234 1777 330 1839 quem
371 1754 507 1819 edidisse
549 1776 612 1819 una
649 1775 721 1818 cum
748 1752 935 1838 Theogonis
967 1751 1071 1836 Opera
1108 1774 1237 1837 quoque
1274 1757 1412 1839 constat,

233 1860 330 1926 huius
372 1860 522 1925 carminis
559 1859 838 1946 commentarium,
877 1859 967 1923 cuius
1005 1859 1071 1923 sint
1108 1859 1143 1922 in
1179 1860 1413 1925 vetustissimis

235 1967 365 2032 scholiis
398 1971 553 2052 excerpta.
617 1967 689 2052 Ego
722 1988 795 2031 cum
826 1987 968 2052 pugnem
1000 1987 1073 2030 cum
1104 1966 1225 2031 criticis
1253 1962 1413 2034 'recentio-

234 2074 325 2137 ribus
333 2073 358 2160 1)
365 2125 374 2159 ,
401 2095 484 2158 nego
513 2074 615 2138 ullum
642 2073 738 2138 huius
766 2074 813 2138 rei
836 2073 991 2139 traditum
1014 2094 1083 2138 esse
1106 2073 1335 2138 testimonium
1357 2079 1413 2141 aut

234 2181 301 2248 ulla
336 2181 371 2244 in
407 2179 538 2244 scholiis
575 2181 697 2245 nostris
734 2181 915 2266 fragmenta
950 2181 1195 2265 incarnacione
1228 2179 1413 2246 Aristarchi

234 2290 348 2375 inesse,
371 2309 452 2372 quae
476 2287 525 2352 illi
549 2287 611 2351 sibi
634 2285 837 2374 finxerunt2).
879 2285 1019 2352 Adducti
1042 2291 1117 2352 sunt
1139 2287 1358 2354 Waesehkius
1381 2294 1413 2355 et

233 2395 383 2461 Flaehius
408 2395 448 2459 ad
470 2394 559 2459 illam
585 2395 734 2478 opionem
752 2416 771 2456 a
789 2393 932 2479 Lehrsio,
957 2394 1014 2477 qui
1031 2393 1208 2458 rectissime
1228 2395 1414 2462 observarit

234 2525 299 2568 non
322 2502 466 2586 potuisse
490 2501 531 2565 ab
556 2523 606 2585 eo,
637 2501 693 2584 qui
715 2499 897 2565 Homericis
922 2499 1037 2565 studiis
1056 2504 1181 2565 tantam
1204 2522 1339 2585 operam
1361 2525 1414 2568 na-

235 2613 334 2692 varet,
352 2607 540 2694 Hesiodum,
562 2607 721 2692 imprimis
739 2607 968 2693 Theogoniam,
986 2607 1122 2694 neglegi.
1163 2606 1232 2684 Qua
1252 2611 1415 2676 sententia

235 2715 371 2799 probata
394 2720 426 2778 et
448 2715 560 2779 statim
583 2714 778 2798 amplificata
800 2718 1028 2798 persuaserunt
1052 2715 1115 2779 sibi
1136 2714 1219 2780 hanc
1243 2716 1285 2780 ob
1308 2717 1414 2802 ipsam

235 2845 303 2887 rem
325 2821 503 2886 necessario
526 2819 750 2886 Aristarchum
773 2822 1020 2886 commentarios
1044 2823 1331 2906 conscripsisse
1351 2823 1414 2889 He

236 2929 318 2994 siodi
336 2929 521 3013 carminum,
540 2950 612 2992 cum
627 2928 779 2994 Lehrsius
793 2926 982 2993 Aristarcho
1001 2927 1180 2993 Hesiodum
1197 2932 1231 2994 et
1249 2930 1413 3015 imprimis

235 3036 456 3122 Theogoniam
477 3035 658 3100 necessario
681 3039 809 3100 notam
832 3034 955 3100 fuisse
978 3035 1202 3100 contendisset.
1242 3035 1414 3104 Praeterea

235 3142 386 3207 Flachius
410 3141 574 3229 probarit,
602 3146 634 3206 et
660 3142 878 3226 probaverunt
906 3146 981 3226 post
1010 3163 1083 3206 eum
1110 3163 1220 3206 omnes
1250 3140 1414 3230 (mirabile

238 3246 353 3335 dictul)
380 3248 567 3313 Waesehlrii
590 3248 888 3334 interpretationem
912 3249 1022 3313 unius
1043 3248 1106 3313 loci
1125 3246 1159 3334 (l.
1173 3249 1195 3313 l.
1213 3273 1243 3333 p.
1266 3249 1357 3338 155),
1379 3251 1416 3316 in

238 3376 302 3438 quo
321 3353 403 3418 dixit
425 3355 529 3419 inesse
548 3355 769 3419 testimonium
789 3356 829 3420 ab
848 3354 1037 3420 Aristarcho
1056 3355 1313 3439 conscriptorum
1332 3359 1414 3424 ὑιιο-

236 3459 416 3545 μνημάτων
444 3459 619 3544 Ἡσιόδου,
651 3458 865 3527 Choerobosci
900 3462 934 3526 in
967 3462 1097 3527 scholiis
1125 3463 1166 3526 ad
1188 3485 1216 3528 v.
1236 3464 1294 3548 84,
1322 3465 1414 3530 cuius

235 3566 299 3632 loci
327 3570 475 3651 excerpta
503 3567 674 3631 traduntur
702 3568 737 3632 in
759 3568 1008 3655 Etymologicis,
1033 3568 1180 3634 Gudiano
1203 3574 1235 3634 et
1260 3571 1414 3656 quicum

237 3695 273 3738 eo
301 3673 396 3758 plane
424 3672 585 3738 consentit
611 3672 696 3739 libro
726 3674 873 3740 Parisino
901 3673 963 3763 (ed.
989 3674 1088 3742 (iaisf.
1107 3699 1136 3759 p.
1157 3677 1199 3740 99
1217 3675 1310 3766 not).
1349 3677 1413 3744 Gu-

237 3782 367 3846 dianum
390 3782 521 3846 exhibet
543 3781 622 3846 haec
643 3804 673 3865 p.
695 3781 747 3868 73,
760 3781 817 3847 26:
837 3780 1130 3870 Ἀργειφόντης·
1154 3785 1243 3871 παρὰ
1263 3783 1414 3872 ἐναργεῖς

237 3889 294 3963 τὰς
317 3892 499 3970 φαντασίας
517 3899 637 3972 ποιεῖν,
661 3888 709 3965 ὥς
732 3905 854 3972 φησιν
869 3883 1049 3967 Ἀλεξίων
1067 3887 1129 3954 καὶ
1147 3887 1414 3978 Ἀρίσταρχος,

327 4081 352 4149 1)
371 4079 557 4134 Waesehkius
580 4081 611 4134 in
634 4098 732 4137 comm.
757 4099 822 4137 sem.
845 4081 914 4152 phil.
939 4081 1014 4152 Lips.
1038 4082 1068 4136 in
1090 4083 1155 4138 hon.
1180 4082 1212 4138 G.
1237 4082 1328 4138 Curtii
1348 4101 1413 4140 con-

238 4168 349 4240 scriptis
368 4167 441 4238 Lips.
463 4174 540 4239 1874,
558 4188 585 4240 p.
603 4176 728 4240 151sqq.,
756 4171 790 4225 H.
818 4170 950 4225 Flacbius
978 4171 1007 4225 in
1037 4170 1144 4241 „Gloss
1168 4174 1197 4227 et
1220 4172 1312 4228 Schol.
1341 4176 1414 4229 ster

236 4279 264 4331 p.
279 4264 331 4314 118
341 4276 395 4328 sq.;
418 4273 508 4328 nuper
530 4258 566 4313 de
587 4259 642 4315 hac
664 4277 694 4315 re
720 4259 883 4315 dubitanter
906 4259 1039 4316 dissensit
1062 4259 1140 4317 Oohn
1162 4260 1193 4316 in
1211 4261 1302 4318 lexico
1320 4262 1414 4334 Pauly

237 4347 392 4404 Wissowae
410 4347 458 4416 ΙΠ,
476 4365 502 4418 p.
519 4353 579 4404 sta.

327 4441 354 4508 2)
371 4435 558 4492 Waesehkius
576 4436 595 4494 l.
610 4436 638 4510 l.,
656 4437 788 4494 Flachius
807 4437 922 4496 Jahrbb.
943 4437 1015 4495 CXV
1032 4457 1059 4510 p.
1074 4443 1135 4496 436.
