2970 4980
395 357 437 412 De
456 357 576 428 Operum
595 358 723 412 versibus
742 359 778 413 ab
799 359 922 427 antiquis
940 360 1073 416 laudatis.
1261 361 1322 428 181

147 518 411 586 Vindobenensis
429 545 459 606 p.
477 521 518 586 15
532 521 572 587 N.
592 523 632 586 ad
651 523 923 607 comprobandum
942 545 1036 588 usum
1049 526 1140 589 verbi
1154 526 1324 612 ἀμιτέχειν,

146 649 258 692 versus
290 628 463 694 135-130
488 629 687 713 Porphyrius
718 630 756 694 de
787 630 903 694 abstin.
928 629 1238 720 118(p.1:·39N.)‚
1268 635 1324 718 qui

147 735 275 800 dubites
308 758 350 800 an
379 735 557 801 laudaverit
590 759 644 801 eos
667 736 800 802 Hesiodi
830 737 914 802 libro
945 760 1010 802 non
1040 739 1194 823 inspecte.
1238 739 1324 806 Nam

146 846 375 908 commemorat
404 865 515 908 versus
546 847 583 907 ut
610 843 799 908 notissimos
821 865 888 908 non
920 844 1028 909 addito
1057 846 1188 910 nomine
1210 851 1324 930 poetae

145 952 245 1032 atque
269 949 347 1014 adeo
370 971 437 1014 non
464 950 625 1015 consentit
648 973 720 1014 cum
748 955 840 1015 textu
863 950 1038 1039 HesiodeO,
1061 957 1097 1016 ut
1121 975 1231 1018 versus
1255 955 1323 1020 eius

145 1055 198 1120 vel
220 1055 347 1142 legibus
375 1058 518 1122 metricis
548 1063 735 1143 repugnent.
783 1057 844 1123 Sed
872 1059 1010 1124 fortasse
1042 1058 1248 1143 aliquomodo
1274 1084 1323 1125 ex·

147 1163 324 1246 pediuntur
355 1164 576 1250 difficultates,
610 1166 637 1229 si
670 1165 764 1231 modo
796 1187 898 1249 peuce
925 1166 994 1230 eius
1021 1167 1132 1253 verba,
1165 1189 1246 1250 quae
1273 1168 1325 1232 ad-

144 1269 208 1333 hue
230 1270 266 1334 in
287 1271 433 1335 versibus
462 1271 665 1357 legebantur,
695 1273 903 1337 attribuimus
936 1295 1050 1356 prosae
1074 1273 1214 1337 orationi
1236 1274 1322 1338 hunc

145 1377 181 1440 in
203 1376 346 1442 modum:
389 1379 442 1444 διὸ
468 1383 559 1456 aare
581 1376 643 1464 plu
666 1381 701 1443 οί
722 1378 758 1444 έν
781 1383 954 1465 μεθορίοις
978 1381 1108 1467 Θρᾴκης
1132 1381 1322 1462 οἰκήσαντες

144 1485 287 1566 μηδενὸς
311 1483 535 1571 ἀπαρχόμενοι
565 1483 647 1570 μηδὲ
677 1487 832 1571 θύοντες,
863 1486 1067 1573 ἀνάρπαστον
1097 1484 1166 1551 κατ’
1194 1486 1322 1552 ἐκεῖνον

145 1588 300 1672 ἐγένοντο
330 1594 389 1656 τὸν
419 1597 543 1678 χρόνον
574 1592 607 1671 ἐξ
631 1593 834 1678 ἀνθρώπων,
864 1593 918 1658 καὶ
941 1595 1018 1659 ούτε
1047 1597 1125 1670 τοὺς
1148 1595 1322 1671 οἰκοῦντας

144 1696 222 1761 οὔτε
244 1696 306 1780 την
329 1701 428 1764 πόλιν
451 1700 528 1764 οὔτε
552 1701 610 1765 τὸν
633 1711 701 1764 τῶν
724 1702 884 1783 οἰκήσεων
908 1700 1066 1784 θεμέλιον
1090 1699 1246 1784 ἐξαίφνης
1265 1701 1321 1766 οὐ-

144 1800 215 1880 δεὶς
230 1804 340 1890 εὑρεῖν
355 1805 507 1871 ἐδύνατο
525 1807 660 1892 ,ὕβριν
675 1808 745 1892 γάρ
761 1806 1007 1872 ἀτάσθαλονέι
1022 1807 1090 1871 οὐκ
1106 1805 1321 1873 ἐθέλεσκον
1375 1866 1376 1871 ,

144 1916 281 1994 ἴσχειν,
305 1907 438 2001 (quibus
461 1912 567 1976 verbis
592 1916 719 1977 constat
743 1913 775 1976 in
800 1912 940 1978 editione
957 1912 1097 1978 Nauckii
1116 1914 1190 1979 finis
1209 1936 1320 1978 versus

146 2015 211 2080 134
233 2016 426 2100 initiumque
450 2040 560 2082 versus
586 2016 664 2105 136)

717 2123 790 2189 οὐδ’
805 2125 1006 2210 ἀθανάτους
1029 2129 1230 2213 θεραπεύειν

277 2232 413 2315 ἤθελον,
436 2230 509 2297 οὐδ’
538 2234 647 2317 ἔρδειν
670 2233 827 2317 μακάρων
851 2234 953 2317 ίεροῖς
976 2231 1029 2298 ε’ττλ
1052 2238 1185 2319 βωμοῖς,

276 2337 297 2420 ἣ
319 2336 418 2422 θέμις
440 2337 623 2415 ἀθανάτοις

141 2463 259 2548 τοιχδιρ
283 2457 345 2528 οὖν
368 2463 490 2541 αὐτοὺς

279 2589 363 2664 Ζεὺς
386 2589 555 2670 Κρονίδης
577 2591 700 2674 έκρνηε
723 2589 934 2672 χολούμενος,
958 2587 1078 2652 οὕνεκα
1101 2589 1195 2672 τιμάς

277 2694 337 2759 οὐκ
362 2693 498 2759 ἐδίδουν
521 2695 723 2781 μακάρεσσιν

141 2816 217 2884 οὐδ’
243 2817 430 2903 ἀπήρχοντο
452 2820 593 2901 τούτοις,
616 2820 767 2905 καθάπερ
790 2814 834 2902 ἦν
857 2820 996 2884 δίκαιον.

231 2958 300 3024 Iam
322 2960 452 3046 unuml)
477 2965 586 3047 restat,
610 2962 644 3025 in
663 2985 727 3047 quo
750 2985 816 3026 non
837 2965 994 3048 congruat
1011 2958 1184 3043 Porphyrii
1209 2961 1317 3022 textus

141 3090 214 3150 cum
242 3066 348 3131 libris:
376 3068 559 3145 ἀθανάτοις
586 3092 644 3152 pre
674 3069 882 3155 ἀνθρώποις,
908 3068 994 3151 qued
1020 3067 1080 3131 etsi
1104 3089 1160 3150 per
1184 3088 1217 3129 se
1242 3087 1317 3130 sane

140 3179 251 3260 potest
275 3180 374 3258 stare,
406 3179 514 3239 temen
543 3175 679 3240 missum
700 3176 793 3240 facio.
839 3174 924 3239 Nam
941 3196 1141 3264 ‘persuasum
1165 3176 1214 3237 est
1237 3173 1318 3236 mihi

140 3282 358 3367 Porphyrium
395 3304 519 3368 versus,
560 3305 641 3366 quos
677 3305 743 3347 non
778 3283 859 3347 bene
894 3282 1048 3346 memoria
1080 3280 1225 3367 tenebat,
1261 3280 1317 3343 im-

141 3389 309 3454 miscuisse
327 3388 435 3454 verbis
455 3389 530 3453 suis.
546 3428 588 3435 —
606 3387 727 3454 Contra
745 3390 834 3454 varia
852 3389 947 3453 lectio
967 3387 1127 3471 reperitur
1146 3387 1181 3452 in
1199 3410 1227 3452 v.
1244 3388 1317 3473 141,

141 3497 200 3561 ubi
226 3496 417 3580 interpretes
448 3496 602 3580 exscripti
630 3518 648 3559 a
679 3495 795 3561 Proclo
824 3500 858 3561 et'
886 3494 1110 3561 Ohoerobosco
1142 3492 1193 3581 (cf.
1220 3517 1317 3578 supra

140 3625 193 3687 pp.
204 3603 257 3690 61,
272 3602 324 3688 83,
339 3601 427 3689 131),
445 3625 504 3686 pro
523 3603 667 3688 μάκαρες
685 3609 824 3687 θνητοῖς
841 3603 990 3687 legerunt
1008 3603 1153 3686 φύλακες
1166 3608 1316 3686 θνητῶν;

140 3732 207 3774 non
229 3713 338 3774 tamen
360 3730 432 3774 cum
456 3709 603 3796 Hagenio
632 3707 681 3796 (in
703 3708 860 3774 Meletem.
884 3710 920 3772 in
941 3707 1076 3773 Hesiodi
1098 3706 1195 3791 Erga,
1221 3706 1316 3786 1848,

141 3838 171 3899 p.
191 3813 249 3902 20)
272 3815 349 3880 haec
371 3816 526 3906 verbapin
548 3817 696 3881 nostris
720 3816 813 3881 libris
837 3819 913 3880 sunt
937 3814 1112 3879 scribenda.

230 3921 352 3988 Versus
378 3922 450 4007 151,
474 3923 593 4007 quippe
615 3924 650 3987 in
674 3945 737 4006 quo
764 3923 850 3987 dicat
873 3921 1034 3986 Hesiodus
1057 3919 1174 4005 μέλας
1198 3918 1228 3984 δ’
1255 3921 1315 3987 οὐκ

141 4033 213 4100 ἔσκε
247 4031 398 4116 σίδηρος,
432 4030 605 4095 advocatur
637 4030 676 4094 ad
712 4028 942 4113 explanandam
976 4050 1086 4093 vocem
1114 4029 1315 4113 μελάνδετον
1443 4090 1446 4096 .

141 4139 160 4201 i.
180 4160 205 4202 e.
230 4137 446 4222 σιδηρύδετον
469 4137 508 4201 ad
534 4136 636 4201 0713
660 4137 695 4201 in
718 4136 849 4200 scholiis
872 4135 1063 4222 Homericis,
1085 4135 1211 4200 minora
1234 4157 1315 4218 quae

140 4246 296 4308 vocantur
328 4240 390 4328 (IV
415 4242 531 4328 104D;
563 4241 610 4306 VI
630 4242 771 4328 15111),
804 4245 836 4306 et
872 4241 912 4305 ad
947 4242 1113 4325 Euripidis
1149 4241 1314 4308 Phoeniss.

143 4350 226 4415 1091
248 4347 365 4436 Schw.3
383 4350 467 4414 idem
487 4373 505 4414 a
524 4349 698 4414 scholiasta
715 4346 882 4433 Apollonii
900 4347 1018 4413 Rhodii
1040 4349 1079 4413 ad
1098 4349 1203 4414 A430
1221 4349 1314 4435 Keil,

148 4534 152 4538 .
231 4494 257 4560 1)
276 4489 350 4544 Nam
368 4487 500 4546 ἐδίδουν
518 4506 569 4561 pro
588 4487 704 4545 ἐδίδου
721 4489 777 4543 hue
795 4506 852 4544 non
871 4488 956 4543 cadit.
